2022 3126
229 97 424 138 XLVIII
480 97 563 136 DE
596 95 923 137 CODICIBVS
953 93 1306 138 EVRIPIDEIS
1336 95 1416 136 ET
1446 95 1850 138 EDITIONIBVS

228 222 427 270 Photius
465 222 581 271 Lex.
619 239 669 287 p.
711 225 829 286 168,
870 225 960 272 13:
998 226 1180 290 κλῇσαι
1216 222 1266 271 οἵ
1297 218 1492 287 ἀρχαῖοι
1526 219 1780 287 λέγουσιν,
1819 221 1878 270 οὐ

228 295 428 356 κλεῖσαι,
467 291 550 341 καὶ
584 292 767 360 κλῇὸα·
806 290 937 341 οὕτω
973 290 1057 340 καὶ
1084 292 1135 340 οἱ
1168 292 1387 357 τραγικοὶ
1422 290 1506 341 καὶ
1545 291 1877 356 Θουκυδίδης.

227 363 410 410 formas
445 361 631 426 αἰετός,
668 361 848 425 κλαίω,
885 361 1009 410 παίω
1060 364 1260 424 tragicis
1298 365 1460 426 poetis
1497 365 1610 411 non'
1637 361 1878 424 abrogan-

229 433 313 480 das
361 431 602 481 arbitror:
651 434 770 480 item
817 433 995 494 opinor
1041 432 1142 480 αιέί
1183 432 1540 488 revocandum,
1599 432 1684 481 ubi
1741 433 1878 497 prior

229 501 415 567 syllaba
453 503 777 565 producatur,
834 502 894 550 cf.
938 500 1191 549 Wecklein
1231 502 1345 551 Cur.
1385 503 1537 566 epigr.
1576 518 1624 566 p.
1667 505 1731 551 63
1771 516 1877 566 sqq.

229 573 290 620 de
338 575 589 636 praesenti
640 578 687 620 et
742 572 907 619 futuro
956 571 1142 618 formae
1189 572 1410 633 passivae
1457 579 1506 620 et
1551 571 1745 620 mediae
1791 573 1879 620 du-

228 642 415 691 bitatur
452 649 617 690 utrum
668 641 845 689 litteris
889 641 973 687 HI
1015 655 1075 688 an
1125 641 1208 687 EI
1250 641 1464 689 secunda
1513 655 1723 703 persona
1787 658 1879 690 nu-

228 714 353 760 meri
380 710 646 772 singularis
682 711 809 774 apud
854 711 1068 774 tragicos
1094 709 1308 759 Graecos
1347 710 1608 759 scribenda
1644 712 1718 759 sit.
1780 712 1878 760 dis-

229 783 450 830 sentiunt
488 797 545 831 ea
582 781 643 830 de
680 796 735 829 re
773 782 904 829 inter
943 796 996 829 se
1035 786 1229 828 veteres
1266 782 1589 843 grammatici,
1629 779 1757 828 tituli
1794 796 1882 829 nos

229 853 513 900 destituunt.
568 866 657 914 ego
683 859 940 916 receptum
969 865 1158 899 morem
1194 857 1390 899 secutus
1417 852 1496 897 EI
1524 849 1882 913 diphthongum

231 920 455 985 praetuli,
496 936 588 970 nec
626 929 791 970 tamen
830 923 989 969 ausim
1026 920 1180 969 libros
1207 921 1306 969 vitii
1335 935 1557 984 arguere,
1597 922 1649 969 in
1689 921 1878 984 quibus,

227 994 268 1040 si
305 1007 332 1040 a
379 993 552 1040 formis
599 990 766 1056 βούλει
812 991 906 1040 οἴει
943 989 1060 1052 ὄψει
1099 991 1417 1047 discesseriS,
1474 992 1755 1040 terminatio
1794 992 1880 1038 Η]

229 1061 384 1110 multo
424 1068 497 1110 est
534 1059 931 1125 frequentior98).

334 1132 569 1181 Rationes
607 1133 935 1180 mutationum
973 1139 1252 1180 nostrarum
1282 1130 1354 1180 vel
1392 1132 1730 1194 suspicionum
1767 1131 1879 1180 red-

229 1202 346 1250 dere
384 1217 474 1266 per
524 1203 855 1250 annotationis
894 1203 1094 1251 criticae
1142 1203 1391 1263 angustias
1429 1215 1528 1250 non
1566 1202 1719 1250 licuit.
1795 1201 1879 1250 sed

227 1272 420 1336 plenius
459 1279 507 1322 et
543 1274 823 1322 accuratius
863 1272 923 1320 de
963 1271 1186 1335 plurimis
1213 1270 1464 1334 Euripidis
1502 1271 1622 1320 locis
1660 1271 1879 1336 disputa·

228 1344 384 1391 vimus
421 1343 474 1390 in
521 1341 1020 1391 commentationibus
1073 1341 1263 1390 duabus
1311 1341 1725 1403 (Eurzpz’deisclze
1761 1341 1880 1391 Stu-

229 1414 368 1467 dien,
408 1412 444 1460 Ι.
485 1411 562 1475 11.)
603 1411 855 1474 Petropoli
903 1427 944 1460 a.
989 1414 1123 1461 1859
1174 1418 1220 1460 et
1271 1413 1404 1461 1862
1457 1410 1624 1460 editis:
1675 1427 1881 1476 quarum

228 1484 365 1544 prior
411 1489 599 1546 spectat
647 1483 703 1530 ad
744 1482 861 1531 Hec.
904 1482 988 1531 Or.
1029 1482 1213 1530 Phoen.
1251 1482 1403 1535 Med„
1445 1481 1598 1530 altera
1637 1481 1695 1529 ad
1735 1481 1879 1545 Hipp.

228 1552 331 1602 Alc.
369 1553 519 1601 Andr.
548 1552 661 1600 Tro.
704 1552 854 1601 RheS.
895 1551 1133 1601 similiter
1173 1552 1232 1600 de
1273 1552 1451 1599 ceteris
1489 1551 1662 1600 decem
1700 1550 1882 1601 fabulis

231 1623 476 1671 disserere
523 1624 576 1672 in
615 1624 778 1671 animo
826 1630 956 1671 erat:
1008 1621 1137 1686 quod
1186 1620 1444 1671 consilium
1485 1623 1750 1683 quominus
1796 1638 1878 1671 ex-

230 1707 556 1757 sequeremur
594 1691 889 1741 obstiterunt
935 1692 1096 1740 adhuc
1133 1692 1286 1741 multa
1322 1698 1370 1739 et
1407 1693 1539 1740 varia
1579 1691 1758 1755 quibus
1795 1691 1881 1740 ob-

231 1765 331 1812 ruti
369 1778 568 1811 eramus
615 1765 830 1824 negotia.
907 1762 1172 1810 accedebat
1211 1761 1342 1824 quod
1387 1761 1882 1810 commentationibus

229 1831 324 1882 illis
362 1834 559 1897 scriptis
599 1838 648 1881 et
686 1833 848 1882 editis·
877 1831 1096 1881 laborem
1142 1847 1300 1896 paene
1348 1832 1545 1880 irritum
1587 1847 1609 1880 a
1648 1846 1728 1880 me
1777 1847 1881 1880 sus-

230 1910 428 1967 ceptum
496 1918 605 1952 esse
667 1917 778 1951 sero
846 1902 1083 1951 intellexi.
1175 1902 1409 1951 nimirum
1472 1901 1638 1950 idonei
1697 1901 1883 1949 iudices

229 1973 520 2038 plerumque
559 1972 705 2021 nullis
742 1973 965 2036 indigent
1003 1974 1320 2036 argumentis,
1361 1970 1539 2036 quibus
1577 1971 1882 2020 coniectura-

230 2058 338 2092 rum
379 2042 698 2106 probabilitas
724 2042 800 2091 vel
840 2043 1238 2091 emendationum
1264 2043 1535 2090 necessitas
1573 2040 1883 2090 demonstre-

233 2121 337 2162 tur:
368 2116 453 2176 qui
479 2128 569 2177 per
595 2129 648 2163 se
675 2129 848 2177 sapere
875 2128 972 2162 non
1002 2113 1279 2168 didicerint,
1311 2113 1452 2160 etiam
1482 2112 1883 2174 gravissimarum

230 2185 478 2233 rationum
519 2185 613 2232 vim
661 2184 902 2233 machinis
941 2183 1363 2246 qualibuscunque
1417 2181 1786 2244 subterfugiant
1837 2187 1885 2230 et

232 2252 444 2302 eludent.
521 2269 632 2302 cum
690 2255 868 2302 scirem
925 2253 1197 2317 philologos
1255 2251 1489 2317 quosdam
1548 2252 1781 2313 (rectius,
1833 2258 1886 2300 ut

233 2326 431 2388 opinor,
482 2322 778 2388 φιλαλόγους
826 2323 1036 2389 dixeris)
1089 2322 1339 2388 quaelibet
1398 2322 1623 2370 codicum
1672 2324 1788 2371 vitia
1839 2329 1886 2370 et

231 2393 539 2443 foedissimas
578 2393 988 2458 interpolationes
1027 2393 1103 2442 vel
1155 2407 1388 2442 excusare
1426 2392 1501 2440 vel
1539 2390 1765 2440 laudibus
1803 2407 1884 2440 ex-

343 2559 416 2613 98)
449 2561 608 2612 Nuper
638 2560 759 2602 hanc
791 2561 1110 2614 quaestionem
1141 2560 1303 2612 tetigit
1325 2559 1570 2601 Wecklein
1603 2558 1709 2599 Cur.
1742 2559 1886 2611 epigr.

235 2629 278 2669 p.
302 2618 369 2665 32,
401 2617 480 2669 qui
507 2616 791 2670 diphthongo
816 2617 888 2658 EI
916 2617 1246 2669 patrocinatur.
1283 2616 1340 2655 ad
1372 2616 1588 2656 tuendam
1611 2615 1887 2667 scripturam

235 2687 263 2726 η
292 2648 486 2712 vid’imus
516 2684 730 2737 perverse
762 2673 991 2737 prolatum
1022 2672 1170 2712 locum
1193 2672 1444 2737 Ph1ynichi
1475 2673 1524 2711 in
1544 2671 1717 2711 Aneed.
1739 2670 1886 2714 Bekk

235 2741 278 2780 p.
312 2730 377 2776 10,
410 2730 485 2769 23:
521 2722 743 2781 ἄποφέρῃ
772 2725 952 2768 πλέων·
985 2724 1090 2769 οἷον
1111 2724 1373 2782 παραφέρῃ
1403 2725 1485 2768 καὶ
1506 2720 1770 2781 παρασύρῃ,
1804 2720 1887 2766 δια

235 2781 320 2825 τοῦ
350 2798 394 2837 η.
426 2784 505 2824 ubi
535 2786 678 2825 verba
713 2789 918 2824 extrema
951 2783 1152 2825 absurda
1188 2788 1317 2824 sunt·
1355 2785 1394 2824 si
1425 2796 1540 2824 sana
1573 2787 1740 2832 essent,
1775 2782 1889 2822 indi-

237 2844 369 2880 caret
399 2840 686 2892 Phrynichus
717 2840 983 2893 plerumque
1006 2839 1190 2881 Atticos
1219 2852 1274 2891 ει,
1308 2853 1412 2881 raro
1434 2854 1463 2894 ῃ
1494 2840 1542 2879 in
1563 2840 1621 2879 iis
1645 2838 1700 2878 de
1724 2839 1888 2892 quibus

237 2896 391 2948 agitur
421 2897 577 2936 formis
609 2908 870 2950 usurpasse.
