2022 3126
257 107 358 159 308

255 680 363 731 ΘΕ.

255 853 350 901 IO.

254 937 365 986 ΘΕ.

255 1022 350 1070 ΙΟ.

257 1107 367 1155 ΘΕ.

254 1192 351 1240 10.

254 1277 363 1325 ΘΕ.

253 1362 350 1410 ΙΟ.

253 1447 362 1495 ΘΕ.

258 1532 349 1579 lO.

253 1617 362 1665 ΘΕ.

258 1702 348 1750 [Ο.

254 2041 366 2088 ΑΛ.

257 2716 351 2765 ΙΟ.

258 2886 368 2933 ΑΛ.

865 112 1308 160 ΗΡΑΚΛΕΙΔΑΙ

448 253 578 320 δόξα
602 251 739 325 πρὸς
767 251 1086 326 ἀνθρώπων
1109 251 1434 322 ὑποδέξεται
1449 279 1460 292 ·

447 334 482 392 ἁ
506 334 561 393 δ’
591 335 757 410 ἀρετὰ
780 345 963 410 βαίνει
987 338 1079 394 διὰ
1102 338 1349 410 μόχθων.

447 419 568 488 ἄξια
594 422 695 493 μὲν
719 423 948 496 πατρός,
974 420 1096 490 ἄξια
1120 421 1172 479 δ’

447 504 700 578 ευγενίας
723 507 853 564 τάδε
877 514 1150 579 γίγνεται·

447 597 498 647 εἰ
522 591 583 647 δὲ
606 593 785 664 σέβεις
807 593 1092 658 θανάτους
1115 591 1374 665 ἀγαθῶν,
1399 595 1603 664 μετέχω
1627 611 1730 650 σοι.

445 677 486 732 ώ
518 678 682 732 τέκνα
694 677 957 751 ,χαίρετ’
986 675 1193 743 Ἰόλεως
1216 679 1277 735 δε
1301 684 1411 734 ποῦ
1436 681 1616 750 γέρων

445 761 620 861 μήτηρ
646 784 704 818 τε
731 761 934 835 πατρὸς
961 760 1115 835 τῆσδ’
1146 766 1309 835 ἔδρας
1331 761 1650 829 ἀποστατεῖς

441 846 748 918 πάρεσμεν,
771 851 859 903 οἵα
883 848 952 919 δή
975 845 1027 919 γ’
1057 850 1190 919 ἐμοῦ
1214 853 1507 919 παρουσία.

443 937 502 987 τί
519 937 698 1004 χρῆμα
721 945 899 989 κεῖσαι
923 934 1015 988 καὶ
1039 933 1278 1005 κατηφὲς
1303 929 1432 1005 ομμ’
1461 939 1627 1004 ἔχεις;

443 1022 671 1088 φροντίς
693 1040 774 1083 τις
800 1009 934 1089 ἦλθ’
963 1023 1191 1089 οἰκεῖος,
1218 1019 1253 1091 ᾐ
1283 1018 1634 1090 συνειχόμην.

445 1103 641 1173 ἔπαιρέ
659 1125 766 1158 νυν
790 1103 1043 1173 σεαυτόν,
1069 1100 1329 1175 ὅρθωσον
1352 1102 1510 1175 κάρα.

443 1188 698 1257 γέροντές
722 1189 886 1257 ἐσμεν
910 1184 1202 1259 κουδαμῶς
1227 1187 1534 1260 ἐρρώμεθα.

443 1267 558 1342 ἥκω
585 1293 647 1342 γε
671 1273 858 1342 μέντοι
881 1272 1059 1343 χάρμα
1085 1290 1170 1328 σοι
1195 1274 1385 1344 φέρων
1407 1275 1562 1344 μέγα.

439 1361 520 1420 τίς
546 1352 596 1411 δ’
630 1355 679 1412 εἷ
701 1355 801 1423 σός
827 1362 937 1413 ποῦ
963 1377 1049 1413 σοι
1074 1355 1365 1428 συντυχὼν
1390 1354 1720 1458 ἀμνημονῶ;

431 1436 631 1496 ’Τλλου
656 1442 945 1513 πενέστης·
974 1439 1043 1498 ου’
1065 1465 1132 1513 με
1156 1442 1483 1514 γιγνώσκεις
1507 1438 1684 1512 ὁρών;

443 1526 484 1580 ώ
511 1523 764 1596 φίλταθ’,
791 1523 940 1598 ήκεις
965 1518 1071 1599 ἆρα
1096 1533 1213 1601 νῷν
1237 1526 1417 1626 σωτὴρ
1443 1527 1676 1598 βλάβης;

435 1610 694 1681 μάλιστα·
721 1612 813 1667 καὶ
836 1608 974 1683 πρός
996 1609 1049 1683 γ’
1081 1608 1329 1683 ευτυχεῖς
1352 1611 1416 1667 τὰ
1441 1618 1550 1668 νῦν
1573 1611 1719 1667 τάδε.

442 1718 482 1750 ω
509 1702 678 1769 μῆτερ
706 1697 914 1752 ἐσθλοῦ
940 1696 1161 1767 παιδός,
1186 1695 1493 1768 Ἀλκμήνην
1517 1698 1677 1768 λέγω,

441 1778 644 1851 ἔξελθ’,
673 1778 916 1837 ἄκουσον
938 1783 1135 1837 τούσδε
1163 1782 1462 1851 φιλτάτους
1496 1783 1711 1850 λόγους.

441 1865 610 1920 πάλαι
632 1864 737 1936 γὰρ
763 1863 1042 1922 ὠδίνουσα
1066 1872 1177 1922 τῶν
1201 1864 1525 1938 ἀφιγμένων

441 1948 625 2020 ψυχὴν
650 1950 848 2020 ἐτήκου
872 1950 1065 2016 νόστος
1089 1957 1140 2007 εί
1158 1951 1463 2023 γενήσεται.

445 2040 495 2089 τί
512 2032 666 2105 χρῆμ’
696 2032 864 2104 ἀυτῆς
887 2041 997 2090 πᾶν
1019 2033 1136 2091 τόδ’
1167 2035 1415 2107 ἐπλήσθη
1440 2036 1657 2107 στέγος;

437 2115 629 2189 Ἰόλαε,
656 2124 776 2189 μῶν
801 2125 880 2184 τίς
905 2116 956 2175 σ’
986 2112 1059 2174 αὖ
1083 2119 1320 2191 βιάζεται
1344 2119 1539 2192 παρών

444 2206 616 2274 κῆρυξ
642 2200 736 2259 ἀπ’
760 2200 1027 2276 ”Αργους;
1055 2203 1298 2276 ἀσθενὴς
1320 2205 1422 2276 μὲν
1446 2202 1481 2276 ἦ
1503 2202 1557 2276 γ’
1587 2204 1685 2277 ἐμὴ

445 2288 616 2360 ῥοπή,
651 2288 879 2345 τοσόνδε
903 2285 955 2345 δ’
988 2292 1194 2345 εἰδέναι
1219 2309 1280 2345 σε
1303 2290 1434 2362 χρή,
1460 2292 1599 2361 ξένε,

445 2371 548 2428 οὐκ
574 2371 684 2429 ἔστ’
714 2371 872 2444 άγειν
896 2394 957 2429 σε
981 2372 1170 2430 τούσδ’
1202 2378 1337 2446 ἐμοῦ
1362 2375 1534 2446 ζώσης
1561 2376 1708 2431 ποτέ.

444 2449 478 2528 ἦ
509 2455 631 2529 τάρ’
666 2460 886 2514 ἐκείνου
913 2458 985 2530 μὴ
1010 2466 1334 2531 νομιζοίμην
1360 2457 1465 2531 ἐγώ

439 2542 616 2613 μήτηρ
643 2539 720 2599 ἔτ’
740 2548 833 2598 ἐί
853 2544 914 2599 δὲ
936 2548 1112 2599 τωνδε
1136 2548 1426 2614 προσθίξει
1450 2551 1586 2616 χερί,

444 2631 602 2682 δυοῖν
627 2627 914 2699 γερόντοιν
937 2651 1005 2685 ου
1033 2635 1211 2695 καλῶς
1238 2626 1480 2700 ἀγωνιεῖ.

441 2710 667 2781 θάρσει,
693 2712 914 2783 γεραιά,
939 2711 1013 2784 μὴ
1037 2715 1258 2787 τρέσῃς,
1286 2710 1389 2769 οὐκ
1415 2710 1685 2785 Ἀργόθεν

444 2798 616 2866 κῆρυξ
645 2793 872 2867 ἀφῖκται
895 2803 1188 2868 πολεμίους
1212 2798 1412 2869 λόγους
1439 2803 1594 2868 ἔχων.

438 2885 496 2934 τί
518 2877 621 2953 γὰρ
647 2880 786 2952 βοὴν
812 2887 1036 2953 ἔστησας
1064 2879 1297 2954 ἄγγελον
1321 2881 1532 2953 φόβου;

1827 353 1912 396 625

1829 691 1913 735 630

1825 1115 1911 1159 635

1827 1538 1911 1584 640

1828 1964 1910 2008 645

1823 2388 1909 2432 650

1819 2811 1903 2856 655
