2022 3126
668 107 749 149 DE
779 106 1085 148 EVRIPIDIS
1114 105 1258 146 VITA
1666 104 1777 145 XIII

153 226 252 272 otio
296 227 438 270 utens
487 225 536 268 et
581 232 790 282 poeseos
835 217 1007 266 studiis
1054 231 1231 265 vacans
1277 216 1420 264 vitam
1467 222 1775 265 sustentaret.

151 298 289 355 pater
332 288 527 338 tametsi
573 302 600 335 e
646 287 847 336 Boeotia
894 287 1106 336 Athenas
1150 287 1454 348 immigrasse
1501 283 1776 346 traditurss),

151 358 406 422 Euripides
451 366 614 406 tamen
661 355 970 404 Atheniensis
1015 357 1106 404 fuit
1150 355 1465 417 Phlyensium
1518 368 1642 417 pago
1696 355 1778 403 ad-

152 426 462 507 scriptus9):·
493 433 635 475 natus
672 433 832 474 autem
873 426 1052 474 dicitur
1087 426 1139 472 in
1178 424 1422 473 Salamine
1457 423 1644 477 insula,
1684 439 1780 489 quo

151 503 383 563 parentes
421 497 523 545 eius
559 503 762 560 propter
798 497 1057 543 imminens
1094 508 1120 542 a
1153 493 1314 542 Persis
1351 491 1629 557 periculum
1667 508 1780 541 con-

152 568 336 629 fugisse
381 564 635 629 probabile
689 561 849 627 est¹⁰).
922 564 1107 612 ibidem
1160 564 1417 627 pueritiam
1476 571 1523 610 et
1575 562 1780 611 fortasse

153 635 529 685 adolescentiam
565 635 824 696 transegit:
865 632 958 681 hoc
997 635 1141 690 enim,
1179 633 1298 680 nihil
1327 631 1545 694 ampliuS‚
1587 631 1781 680 conclu-

155 707 302 755 serim
341 721 366 753 e
404 705 546 754 Gellii
583 704 689 752 loco
726 704 782 753 N.
822 703 875 751 A.
920 705 997 758 15,
1038 705 1126 758 20,
1168 705 1221 751 5:
1261 703 1586 751 Philochorus
1621 701 1784 758 refert

154 778 205 825 in
241 777 407 825 insula
432 775 687 822 Salamine
722 775 1007 835 speluncam
1043 786 1146 821 esse
1169 777 1384 821 taetram
1421 777 1470 820 et
1505 771 1780 829 horridam,

154 848 206 894 in
251 858 352 906 qua
396 840 787 906 scriptitaritss).
859 844 1072 906 primum
1121 841 1179 890 ad
1233 840 1523 905 palaestram
1579 840 1785 888 fortasse

117 914 119 916 ’
155 928 252 964 non
292 920 388 961 tam
426 929 511 962 sua
548 913 793 961 voluntate
832 926 975 974 quam
1013 912 1165 976 patris
1206 912 1341 960 iussu
1376 912 1557 959 invitus
1596 909 1786 958 delatus

156 990 251 1033 est:
290 989 426 1032 certe
463 989 631 1045 postea
669 981 963 1031 athletarum
1011 979 1444 1030 exercitationibus
1483 987 1530 1027 et
1566 979 1786 1028 moribus

157 1068 253 1102 non
290 1049 497 1116 savit12),
541 1067 596 1100 ac
633 1051 848 1116 produnt
885 1050 1072 1100 oraculi
1108 1065 1346 1114 responso
1372 1056 1562 1114 patrem
1600 1056 1787 1098 motum

156 1124 308 1172 fuisse
345 1128 400 1171 ut
444 1121 594 1170 filium
635 1120 865 1170 athletam
913 1121 1021 1169 fieri
1057 1119 1250 1170 iuberet
1266 1117 1341 1182 13).
1412 1121 1530 1168 item
1568 1120 1788 1184 picturae

267 1272 316 1327 8)
348 1273 461 1314 Vide
491 1274 668 1314 Nicolai
698 1273 973 1314 Damasceni
1004 1273 1151 1313 locum
1182 1277 1273 1315 not.
1306 1275 1331 1313 6
1364 1273 1565 1313 allatum.

268 1332 312 1380 9)
343 1330 564 1382 Harpocr.
588 1343 630 1382 p.
655 1331 749 1375 182,
770 1330 949 1371 5Ph0t.
971 1330 1082 1369 Lex.
1102 1342 1144 1380 p.
1168 1332 1263 1380 651,
1283 1331 1335 1369 21
1366 1331 1517 1380 Etym.
1540 1330 1600 1369 M.
1623 1342 1665 1380 p.
1689 1330 1786 1378 795,

158 1388 212 1427 39
242 1384 390 1425 Suida
428 1384 607 1427 Φλυεία
637 1385 828 1451 (Φλυεῖς
859 1384 1019 1448 Harp.)
1061 1382 1210 1450 δῆμος
1248 1383 1332 1438 τῆς
1369 1383 1689 1435 Κεκροπίδος
1738 1379 1789 1424 ἐκ

158 1437 328 1482 τούτου
359 1437 412 1481 δὲ
442 1438 525 1482 τοῦ
558 1434 713 1494 δήμου
743 1430 802 1493 ἦν
826 1433 1093 1493 Εὐριπίδης
1124 1435 1147 1481 ὁ
1181 1440 1264 1493 τῆς
1286 1439 1553 1496 τραγῳδίας
1575 1433 1789 1493 ποιητής.

159 1495 424 1548 Χολλείδην
461 1496 727 1549 Euripidem
766 1497 910 1536 fuisse
949 1508 1004 1536 ex
1043 1498 1119 1539 Ar.
1156 1496 1266 1536 Aeh.
1299 1498 1380 1537 406
1419 1497 1680 1548 suspicatus
1720 1499 1790 1537 est

160 1552 417 1592 Elmsleius.

273 1606 348 1657 10)
378 1608 488 1648 Vita
516 1608 644 1650 Eur.·
678 1599 928 1660 Ἀθηναῖος
957 1602 1060 1659 μέν,
1093 1600 1331 1659 ἐγεννήθη
1364 1602 1418 1648 δε
1450 1601 1501 1648 ἐν
1532 1606 1788 1657 Σαλαμῖνι

162 1662 261 1702 inde
281 1661 603 1713 Σαλαμείνιος
625 1640 792 1702 dicitur
814 1663 1106 1715 Corp.1nscr,
1130 1664 1238 1703 6052
1262 1662 1380 1712 (vide
1403 1667 1495 1704 not.
1515 1663 1571 1713 5).
1605 1663 1789 1703 Suidas.

161 1713 428 1780 Ευριπίδης
449 1712 743 1788 Μνησαρχου
763 1709 794 1785 ᾗ
816 1717 1178 1783 Μνησαρχίδου,
1212 1715 1257 1759 οι
1279 1713 1535 1770 φεύγοντες
1558 1715 1625 1765 εἰς
1646 1719 1791 1759 Βοιω-

162 1773 271 1813 τίαν
301 1768 595 1828 μετῴκησαν·
631 1778 735 1814 εὶτα
765 1787 816 1814 εν
846 1772 901 1827 τῇ
929 1767 1125 1828 Ἀττικῇ.
1179 1775 1575 1826 grammaticorum
1605 1775 1791 1827 ingenio

163 1830 320 1869 deberi
347 1830 529 1869 videtur
558 1830 674 1882 quod
704 1830 968 1870 Priscianus
1000 1829 1087 1870 vol.
1111 1832 1131 1869 1
1156 1843 1197 1882 p
1222 1831 1291 1881 63,
1314 1832 1339 1871 3
1363 1829 1430 1871 ed.
1456 1830 1614 1870 Hertz.
1637 1831 1789 1879 refert,

161 1884 423 1936 Euripidem
456 1885 512 1925 ab
543 1885 716 1937 Euripo
749 1898 848 1926 esse
881 1886 1176 1928 nominatum

272 1939 347 1990 11)
380 1939 451 1984 Cf
472 1941 571 1981 vita
592 1942 699 1980 Eur.
719 1953 784 1981 vs.
805 1943 880 1982 61:
913 1938 1051 2008 φασι,
1064 1937 1119 1981 δὲ
1153 1933 1299 1982 αὐτόν
1333 1934 1383 1982 ἐν
1406 1941 1658 2008 Σαλαμῖνι
1676 1935 1790 1994 σπή-

163 1998 297 2036 λαιον
318 2006 740 2037 κατασκευασαντα
762 1989 1012 2061 ἀναπνοὴν
1034 1993 1144 2050 ἔχον
1167 1994 1234 2044 εἰς
1255 1992 1342 2050 τήν
1363 1992 1616 2038 θάλασσαν
1638 1990 1790 2038 ἐκεῖσε

163 2045 465 2105 διημερεύειν
496 2047 740 2106 φεύγοντα
769 2047 853 2093 τὸν
883 2045 1038 2106 ὄχλον.

274 2105 348 2170 12)
379 2108 588 2176 Inprimis
618 2108 723 2148 vide
754 2109 810 2149 fr.
834 2110 934 2149 284:
967 2107 1125 2149 κακῶν
1154 2102 1245 2173 γὰρ
1276 2101 1425 2150 ὄντων
1446 2107 1637 2179 μυρίων
1668 2101 1789 2149 καθ’

158 2156 362 2204 Ἑλλάδα
394 2159 540 2205 οὐδὲν
568 2156 740 2204 κάκιόν
771 2158 899 2205 ἐστιν
909 2157 1161 2231 αθλητῶν
1184 2163 1364 2217 γένους.
1423 2160 1470 2206 οἳ
1506 2163 1666 2216 πρῶτα
1706 2160 1792 2217 μὲν

164 2217 248 2271 ζῆν
277 2211 977 2345 Ϊὲἶενξτένὲἷῖο.υᾙέκέἶεοὲξ
996 2233 1084 2316 ἴοῖτ
1089 2212 1793 2340 ’δῖἷζῗὲςωμζτξὲπαγκράτιον
1762 2270 1793 2329 ἢ

162 2342 376 2392 πυγμην,
397 2343 498 2395 ,του
533 2344 712 2380 πατρος
753 2345 898 2372 αυτου
911 2325 1138 2401 χρησμὸν
1177 2325 1402 2398 λαβόντος
1440 2325 1515 2373 ότι
1555 2343 1790 2384 στεφανη

165 2379 342 2437 φόρους
381 2378 567 2439 αγῶνας
604 2381 806 2439 νικήσει·
844 2384 927 2427 καὶ
966 2385 1114 2440 φασὶν
1151 2381 1300 2429 αὐτὸν
1328 2381 1549 2441 Ἀθήνησι
1585 2387 1789 2440 νικῆσαι.

163 2441 370 2493 pluribus
400 2442 515 2482 haec
547 2444 784 2483 exornavit
814 2441 988 2484 Gellius
1022 2445 1088 2493 15,
1119 2445 1188 2494 20,
1210 2445 1256 2484 2:
1287 2445 1406 2495 patri
1424 2448 1561 2484 autem
1582 2445 1671 2483 eius
1691 2449 1789 2483 nato

163 2499 233 2539 illo
251 2510 497 2549 responsum
513 2505 575 2538 est
596 2513 622 2538 a
641 2499 861 2539 Chaldaeis
881 2513 970 2539 eum
987 2512 1174 2551 puerum,
1194 2512 1282 2539 eum
1301 2501 1565 2545 adolevisset,
1596 2501 1791 2553 victorem

162 2554 206 2593 in
235 2554 528 2593 certaminibus
555 2555 672 2604 fore3
704 2556 752 2594 id
780 2556 821 2595 ei
846 2568 980 2606 puero
1010 2556 1143 2606 fatum
1172 2568 1279 2596 esse.
1327 2561 1459 2607 pater
1487 2557 1789 2607 interpretatus

163 2608 362 2649 athletam
381 2609 534 2650 debere
554 2622 660 2660 esse,
690 2610 892 2652 roborato
913 2616 1232 2664 exercitatoque
1255 2613 1335 2662 filii
1352 2612 1417 2650 sui
1436 2624 1630 2663 corpore,
1657 2610 1789 2662 Olym-

164 2666 276 2714 piam
318 2671 574 2705 certaturum
610 2679 698 2706 eum
734 2669 847 2706 inter
886 2667 1067 2706 athletas
1108 2679 1266 2718 pueros
1306 2668 1496 2707 deduxit.
1564 2680 1616 2706 ae
1658 2667 1789 2717 primo

165 2720 329 2770 quidem
355 2723 399 2761 in
429 2727 637 2762 certamen
670 2735 752 2773 per
780 2722 1008 2775 ambiguam
1036 2727 1214 2762 aetatem
1242 2728 1439 2774 receptus
1468 2735 1551 2762 non
1581 2727 1664 2769 est,
1691 2727 1791 2772 post

165 2773 361 2816 Eleusino
392 2783 436 2816 et
459 2777 617 2817 Theseo
638 2780 864 2818 certamine
892 2780 1092 2831 pugnavit
1111 2784 1153 2818 et
1171 2784 1397 2819 coronatus
1418 2784 1495 2818 est.
1535 2789 1619 2816 nec
1643 2750 1789 2816 defuit

168 2829 244 2879 qui
276 2830 425 2881 ipsum
455 2833 686 2873 oraculum
722 2834 846 2884 patri
877 2833 1031 2874 datum
1068 2833 1295 2887 proderet.
1355 2833 1414 2872 cf
1446 2832 1701 2873 Oenomaus
1744 2832 1788 2871 in

167 2883 355 2925 Eusebii
383 2886 434 2929 P.
466 2887 519 2927 E.
552 2890 592 2929 V
621 2902 664 2940 p.
694 2889 776 2930 227
799 2889 854 2928 C:
