2022 3126
758 91 1170 138 [ΠΠΟΛΥΤΟΣ
1680 94 1775 144 431

312 226 414 284 οὐκ
441 226 508 284 ἄν
532 225 653 284 ποτ’
685 226 849 298 εύνῆς
883 228 1050 300 εἵνεχ’
1088 226 1291 302 ἡδονῆς
1315 253 1372 287 τε
1395 237 1509 303 σῆς]
1697 248 1777 291 495

312 319 425 376 πῶς
460 307 596 381 ἦγον
619 309 688 367 ἄν
712 333 773 367 σε
803 317 994 383 δεῦρο;
1025 319 1132 367 νῦν
1158 312 1217 369 δ’
1244 312 1397 386 άγῶν
1419 319 1586 387 μέγας

308 404 480 453 σῶσαι
504 402 629 467 βίον
652 394 780 467 σόν,
813 393 951 451 κούκ
977 400 1289 469 ἐπίφθονον
1314 400 1456 455 τόδε.

123 490 271 537 ΦΑΙ.
302 475 345 536 ῶ
370 479 525 536 δεινὰ
548 478 748 551 λέξασ’,
775 478 898 551 οὐχὶ
927 485 1253 554 συγκλῄσεις
1287 484 1459 555 στόμα

308 567 399 622 καὶ
422 563 495 637 μὴ
521 565 781 636 μεθήσεις
804 558 971 629 αὖθις
995 571 1304 637 αἰσχίστους
1329 569 1555 640 λόγους;

128 657 225 704 ΤΡ.
307 649 494 721 [αἴσχρ’
503 693 516 718 ,
539 647 650 703 ἀλλ’
682 647 888 720 ἀμείνω
911 655 1023 706 τῶν
1045 658 1231 707 καλῶν
1255 651 1375 707 τάδ’
1408 657 1526 709 ἐστί
1544 661 1672 722 σοί]
1690 670 1774 710 500

308 747 565 804 κρεῖσσον
590 734 650 789 δὲ
675 731 940 805 τούργον,
969 742 1121 809 εἴπερ
1147 737 1373 792 ἐκσῶσει
1399 740 1465 808 γε’
1483 756 1544 792 σε

305 815 341 889 ἢ
364 815 583 889 τούνομ’
589 861 643 894 ,
625 811 668 874 ῶ
685 817 755 873 σὺ
779 827 1050 874 κατθανεῖ
1069 824 1438 893 γαυρουμένη.

121 910 268 958 ΦΑΙ.
295 905 386 958 καὶ
409 903 482 974 μή
506 921 567 959 σε
590 900 727 974 πρὸς
756 909 934 974 θεῶν,
973 896 1036 959 εὖ
1064 907 1240 975 λέγεις
1262 906 1394 978 γάρ,
1421 909 1616 977 αἰσχρὰ
1641 912 1717 977 δέ,

307 990 445 1059 πέρα
468 993 676 1059 προβῇς
700 984 866 1042 τῶνδ’
885 1006 896 1016 ·
924 984 996 1052 ῶς
1019 986 1389 1060 ὑπείργασμαι
1415 991 1515 1061 μὲν
1540 989 1607 1046 οὐ

306 1070 490 1143 ψυχὴν
515 1078 701 1142 ἔρωτι,
733 1069 938 1145 τᾷσχρὰ
967 1070 1019 1127 δ’
1048 1069 1118 1143 ῆν
1142 1076 1303 1145 λέγῃς
1329 1081 1523 1144 καλῶς,
1689 1091 1771 1132 505

305 1161 380 1220 εἰς
405 1153 558 1211 τοῦθ’
587 1152 616 1210 ὃ
640 1155 830 1226 φεύγω
856 1162 964 1211 νῦν
988 1155 1434 1229 άναλωθήσομαι.

124 1248 221 1296 ΤΡ.
307 1239 361 1296 εἴ
377 1264 459 1295 τοι
484 1245 636 1296 δοκεῖ
658 1258 771 1309 σοι,
796 1246 934 1311 χρῆν
957 1241 1058 1312 μὲν
1084 1239 1152 1298 οὔ
1176 1240 1226 1297 σ’
1256 1240 1613 1315 ἁμαρτάνειν·

310 1330 360 1380 εἰ
382 1329 415 1379 δ
422 1322 435 1342 '
465 1317 593 1395 οὖν,
621 1331 795 1380 πιθοῦ
821 1342 938 1395 μοι·
963 1329 1195 1397 δευτέρα
1218 1326 1322 1397 γὰρ
1350 1326 1383 1399 ἡ
1407 1328 1577 1399 χάρις.

306 1416 453 1464 ἔστιν
478 1406 597 1464 κατ’
627 1418 815 1473 οἴκους
840 1416 1041 1480 φίλτρα
1064 1434 1156 1481 μοι
1178 1413 1480 1484 θελκτήρια

305 1500 531 1564 ε’ρωτος,
557 1487 698 1565 ἦλθε
727 1492 778 1549 δ’
808 1490 930 1564 άρτι
954 1519 1045 1565 μοι
1069 1496 1289 1567 γνῶμης
1317 1503 1439 1568 ἔσω,
1686 1514 1770 1555 510

303 1575 337 1632 ἅ
361 1575 413 1632 σ’
447 1575 564 1633 οὔτ’
596 1578 679 1633 ἐπ’
710 1585 949 1648 αἰσχροῖς
975 1577 1093 1636 ούτ’
1123 1582 1210 1635 ἐπὶ
1234 1581 1412 1654 βλάβῃ
1441 1589 1665 1653 φρενῶν

302 1662 503 1718 παύσει
528 1662 696 1718 νόσου
722 1660 899 1734 τῆσδ’,
931 1660 1000 1734 ἢν
1025 1683 1094 1719 συ
1119 1664 1190 1736 μὴ
1218 1668 1350 1738 γένῃ
1374 1666 1531 1737 κακή.

304 1752 411 1814 [δεῖ
433 1752 465 1802 δ
475 1745 488 1764 '
515 1750 566 1813 ἐξ
592 1751 809 1802 ἐκείνου
837 1747 905 1817 δή
927 1772 977 1803 τι
1002 1755 1101 1804 τοῦ
1125 1752 1481 1821 ποθουμένου

303 1845 556 1902 σημεῖον,
585 1827 620 1902 ἢ
650 1829 817 1902 λόγον
843 1830 949 1886 τιν’
977 1829 1014 1903 ἦ
1036 1836 1260 1889 πέπλων
1284 1832 1389 1890 ἄπο

302 1923 491 1987 λαβεῖν
509 1959 522 1986 ,
549 1916 791 1980 συνάψαι
817 1914 863 1970 τ’
893 1919 950 1971 ἐκ
978 1922 1137 1973 δυοῖν
1163 1925 1295 1988 μίαν
1319 1919 1514 1990 χάριν]
1684 1937 1765 1979 515

116 2007 263 2056 ΦΑΙ.
296 2002 498 2072 πότερα
523 2001 584 2056 δὲ
603 2000 827 2071 χριστὸν
851 1996 884 2072 ἦ
907 2000 1076 2056 ποτὸν
1100 2001 1159 2056 τὸ
1186 2004 1502 2075 φάρμακον;

122 2092 220 2139 ΤΡ.
305 2083 406 2140 οὐκ
431 2083 538 2140 οἷδ’
559 2103 569 2113 ·
597 2083 862 2155 ὄνασθαι,
888 2084 959 2156 μὴ
983 2095 1187 2157 μαθεῖν
1211 2088 1446 2159 βούλου,
1473 2092 1680 2146 τέκνον.

115 2176 263 2224 ΦΑΙ.
298 2167 499 2240 δέδοιχ’
528 2166 674 2234 ὅπως
698 2193 789 2240 μοι
813 2168 885 2240 μὴ
911 2176 1036 2225 λίαν
1061 2179 1240 2245 φανῇς
1268 2171 1431 2244 σοφή.

122 2260 220 2308 ΤΡ.
302 2251 462 2308 πάντ’
493 2277 562 2308 αν
593 2251 888 2324 φοβηθεῖσ’
920 2263 1063 2309 ἰ’·σθι
1096 2261 1395 2327 δειμαίνεις
1429 2258 1489 2313 δε
1514 2265 1596 2325 τί;

115 2344 263 2393 ΦΑΙ.
298 2339 370 2409 μή
394 2344 491 2408 μοί
515 2361 565 2392 τι
594 2341 813 2408 Θησέως
837 2343 1013 2393 τῶνδε
1040 2341 1285 2412 μηνύσῃς
1308 2341 1467 2397 τόκω.
1683 2358 1766 2399 520

120 2429 228 2478 ΤΡ
296 2429 485 2492 ἔασον,
513 2414 556 2477 ῶ
584 2435 705 2477 παῖ
732 2419 884 2478 ταῦτ’
917 2422 1021 2493 ε’γῶ
1050 2425 1208 2495 θήσω
1234 2431 1427 2490 καλῶς.
1509 2436 1512 2438 ’

300 2507 471 2576 μόνον
495 2511 564 2562 σύ
589 2529 709 2577 μοι,
735 2509 998 2562 δέσποινα
1027 2516 1224 2564 ποντία
1248 2510 1451 2581 Κύπρι,

302 2590 569 2662 συνεργὸς
595 2599 721 2662 εἰής.
752 2589 921 2646 τᾶλλα
945 2589 998 2646 δ’
1027 2589 1099 2648 οἷ’
1129 2593 1233 2665 ἐγώ
1260 2601 1450 2667 φρονῶ

298 2687 410 2739 τοῖς
434 2680 597 2730 ἔνδον
621 2673 752 2747 ἡμῖν
777 2673 994 2746 ἀρκέσει
1018 2679 1162 2743 λέξαι
1188 2685 1386 2751 φίλοις.

119 2765 227 2812 ΧΟ.
282 2755 669 2831 ’Ἑρως”Ερως,
700 2755 727 2814 ὃ
754 2758 873 2816 κατ’
907 2756 1165 2832 ὀμμάτων
1532 2781 1643 2833 στρ.
1683 2776 1763 2819 525

626 2857 707 2899 525
725 2878 785 2886 --
801 2857 887 2900 534
909 2870 976 2891 Ξ
1003 2859 1086 2902 535
1101 2880 1162 2887 --
1177 2860 1262 2903 544
