2022 3126
618 95 702 137 DE
732 95 1040 136 EVRIPIDIS
1069 95 1322 136 INGENIO
1599 94 1788 138 XXXIX

155 226 324 273 futuro
370 221 554 270 oratori
598 219 908 269 commendat
943 219 1234 280 Euripideas
1278 221 1553 281 tragoedias
1599 219 1788 277 Quinti-

154 293 312 342 lianus
331 289 416 353 8²):
465 304 582 352 quas
628 291 672 338 si
710 289 769 338 ad
807 290 925 337 artis
962 288 1098 351 leges
1135 290 1380 351 exegeriS,
1431 289 1632 337 habebis
1669 306 1790 355 quae

154 365 314 410 minus
369 357 566 422 probes.
642 374 755 407 nam
812 359 1196 421 disputationum
1256 357 1512 420 ambages,
1570 357 1791 408 locorum

157 430 490 479 communium
539 427 797 492 splendor,
853 426 1175 491 philosophae
1222 427 1550 488 digressiones
1605 429 1791 492 aliaque

154 501 462 547 extrinsecus
499 499 728 546 arcessita
744 495 828 559 83),
880 504 935 545 ut
968 512 1058 561 per
1095 512 1147 545 se
1186 502 1403 561 spectata
1441 498 1653 544 maxime
1690 500 1791 561 pla-

153 575 314 624 ceant,
354 575 515 617 tamen
554 566 730 617 sabulis
767 568 955 615 intexta
983 581 1080 614 non
1119 566 1273 614 solum
1300 574 1555 615 morantur
1591 568 1792 615 actionis

155 639 419 687 decursum
462 644 509 684 et
547 637 674 685 mole
714 638 852 698 quasi
889 635 1050 684 inutili
1088 642 1318 692 onerant,
1369 636 1454 685 sed
1494 636 1638 684 etiam
1677 651 1792 684 con-

154 715 352 757 centum
391 706 695 768 singularum
733 707 947 768 partium
986 704 1128 754 facile
1167 705 1382 754 turbant.
1459 712 1507 754 et
1543 705 1793 754 fatendum

157 784 232 826 est
267 779 348 826 vix
387 775 532 825 ullius
569 776 762 825 fabulae
800 775 1092 839 Euripideae
1129 777 1397 839 perfectam
1438 789 1545 823 esse
1584 791 1792 824 oecono-

137 847 299 906 miam
341 854 387 894 et
424 847 540 894 satis
579 846 840 908 diligenter
879 845 1194 894 elaboratam.
1269 861 1383 893 nam
1421 844 1639 908 prologi,
1687 847 1793 910 qui-

153 917 246 966 bus
294 918 364 964 rei
413 922 568 964 status
618 917 906 979 exponitur,
955 917 1133 964 merito
1181 916 1335 963 ieiuni
1381 913 1627 963 habentur
1674 922 1721 963 et
1769 931 1796 963 a

153 986 371 1051 perfecta
419 993 524 1035 arte
571 985 738 1040 alieni;
787 987 838 1033 in
885 986 980 1034 fine
1028 1000 1174 1048 saepe
1224 984 1287 1032 dii
1337 983 1662 1039 advocantur,
1713 986 1797 1047 qui

153 1055 374 1104 turbatas
431 1070 516 1104 res
571 1062 866 1119 componant
915 1055 992 1103 vel
1038 1056 1201 1118 potius
1256 1054 1436 1102 nodum
1494 1054 1792 1109 discindant:

155 1124 305 1174 multa
364 1125 503 1174 chori
550 1127 740 1174 cantica
786 1139 897 1173 cum
953 1127 1142 1173 actione
1188 1138 1362 1187 parum
1411 1130 1547 1172 arcto
1602 1124 1795 1174 vinculo

153 1210 277 1244 nexa
317 1202 454 1249 sunt;
496 1194 706 1257 denique
733 1197 785 1243 in
823 1196 1048 1243 universa
1077 1201 1319 1242 structura
1356 1200 1404 1242 et
1441 1195 1794 1258 compositione

155 1280 234 1313 ars
270 1265 354 1314 illa
393 1264 726 1320 desideratur,
776 1279 871 1328 qua
910 1263 1129 1327 singulae
1167 1271 1333 1327 partes
1378 1270 1490 1327 apte
1539 1265 1794 1314 conclusae

155 1338 271 1386 sint.
345 1336 525 1383 ceteris
571 1334 750 1383 fabulis
798 1334 931 1383 Ionis
979 1336 1263 1382 oeconomia
1314 1334 1612 1398 aliquantum
1650 1349 1792 1398 prae-

156 1411 266 1454 stat.
332 1419 567 1467 personas
605 1419 724 1469 quas
762 1411 960 1466 agentes
999 1403 1258 1467 Euripides
1294 1405 1526 1467 proponit
1561 1418 1659 1451 non
1695 1411 1793 1453 tam

159 1472 372 1523 excelsas
418 1474 555 1536 fingit
603 1482 651 1523 et
697 1475 848 1523 animi
894 1475 1070 1522 virtute
1118 1480 1201 1522 aut
1258 1474 1532 1522 constantia
1577 1475 1795 1536 insignes

157 1653 420 1706 Euripidem
461 1654 572 1693 dicit
611 1654 719 1695 Pac
751 1655 848 1694 534.
908 1666 963 1693 ex
993 1653 1080 1693 hoe
1087 1653 1342 1720 Euripidis
1374 1654 1524 1694 studio
1555 1660 1794 1718 corruptos

158 1711 323 1750 civium
353 1721 494 1749 mores
525 1711 694 1772 repetit
724 1710 839 1748 Ran.
875 1710 1005 1749 1083:
1042 1697 1133 1762 κᾷτ
1177 1702 1228 1749 ἐκ
1249 1722 1429 1749 τουτων
1449 1703 1478 1761 ἡ
1503 1703 1639 1756 πόλις
1661 1703 1794 1761 ἡμῶν

159 1759 571 1818 υπογραμματέων
602 1757 919 1817 ἀνεμεστώθη
951 1777 1035 1804 και
1069 1752 1352 1817 βωμολόχων
1385 1758 1752 1818 δημοπιθήκων.

267 1820 338 1871 82)
372 1821 511 1860 Cuius
549 1820 636 1860 hoe
676 1826 746 1860 est
783 1821 998 1860 iudicium
1030 1823 1103 1870 10,
1137 1823 1186 1871 1,
1220 1821 1296 1861 68:
1336 1822 1441 1860 illud
1477 1822 1639 1873 quidem
1678 1835 1795 1862 nemo

156 1890 239 1918 non
265 1877 458 1927 fateatur
477 1889 648 1916 neeesse
670 1882 748 1927 est,
779 1878 831 1916 iis
853 1878 923 1929 qui
949 1889 995 1916 se
1017 1878 1075 1916 acl
1094 1878 1296 1928 agendum
1317 1883 1563 1928 comparant
1592 1879 1796 1918 utiliorem

157 1935 277 1984 lonye
312 1933 412 1983 sore
442 1932 693 1984 Euripiden.
727 1946 899 1985 namque
930 1935 966 1972 is
997 1939 1040 1971 et
1068 1945 1278 1982 sermone,
1319 1946 1436 1984 quem
1471 1934 1604 1984 ipsum
1635 1946 1797 1987 quoque

156 1988 471 2040 reprehendunt
492 1989 636 2041 quibus
663 1990 851 2039 gravitas
873 1994 914 2028 et
942 1989 1168 2028 cothurnus
1189 1995 1231 2028 et
1257 2001 1385 2029 sonus
1405 1988 1605 2040 Sophocli
1632 1991 1797 2029 videtur

157 2057 250 2084 esse
285 2044 512 2110 sublimior,
551 2047 683 2096 mayis
713 2046 879 2084 aceedit
916 2046 1104 2084 oratorio
1141 2045 1291 2097 ,ρεπεν-ἰ
1327 2051 1368 2084 et
1396 2048 1615 2085 sententiis
1645 2046 1796 2085 densus

157 2107 200 2140 et
227 2102 272 2140 in
300 2101 352 2140 iis
373 2113 480 2152 quae
499 2113 527 2139 a
547 2101 807 2151 sapientibus
826 2102 989 2140 tradita
1008 2105 1104 2139 sunt
1131 2114 1270 2151 paene
1285 2113 1392 2151 lpszs
1415 2114 1516 2152 par,
1547 2107 1590 2141 et
1619 2102 1794 2141 dicendo

158 2169 209 2196 ae
236 2157 534 2208 respondendo
566 2156 733 2196 cuilibet
763 2169 904 2196 eorum
934 2157 1005 2208 qui
1037 2157 1212 2206 fuerunt
1239 2158 1283 2196 in
1318 2156 1418 2206 foro
1450 2158 1603 2197 diserti
1630 2170 1795 2208 eompa-

157 2213 339 2261 randus,
378 2214 423 2251 in
461 2211 698 2262 adfectibus
733 2225 832 2252 vero
869 2225 957 2252 eum
994 2212 1177 2252 omnibus
1212 2226 1340 2252 merus
1375 2218 1458 2252 tum
1485 2214 1530 2252 in
1565 2214 1619 2253 iis
1648 2215 1720 2266 qui
1754 2215 1797 2253 in

158 2270 426 2308 miseratione
455 2274 649 2308 constant
675 2269 804 2319 facile
830 2269 1104 2320 praecipuus.

268 2325 338 2374 83)
369 2323 566 2363 Maxime
582 2324 697 2363 illud
718 2323 1010 2364 memorabile
1033 2328 1117 2375 est,
1141 2323 1257 2376 quod
1271 2323 1545 2376 Aeschylum
1562 2329 1608 2365 et
1626 2324 1795 2376 Sopho

161 2379 276 2419 clem
299 2380 438 2419 audet
468 2381 515 2418 in
540 2380 799 2444 tragoediis
823 2380 1006 2431 oblique
1040 2381 1368 2433 perstringere.
1419 2380 1667 2443 Sophocles
1687 2383 1794 2423 Ant,

157 2437 262 2476 563:
308 2429 417 2475 οὐδ’
448 2426 501 2482 ὃς
532 2449 591 2475 αν
623 2429 805 2488 βλάστῃ
841 2432 974 2488 μένει
1005 2434 1121 2483 νοῦς
1152 2439 1252 2483 τοῖς
1290 2434 1448 2483 κακῶς
1486 2430 1794 2488 πράσσουσιν,

158 2482 271 2531 ἀλλ’
306 2484 561 2553 ἐξίσταται.
621 2493 862 2559 impugnat
891 2491 1011 2531 hanc
1045 2493 1317 2531 sententiam
1346 2493 1393 2531 in
1425 2493 1657 2554 Antigona
1686 2493 1792 2532 Eur.

158 2547 214 2585 fr.
248 2548 350 2587 165:
390 2539 446 2587 οὐ
485 2543 575 2600 γὰρ
606 2542 656 2588 οἷ
691 2545 848 2595 κακῶς
878 2540 1173 2612 πεπραγότες
1204 2541 1291 2589 σὺν
1321 2551 1426 2595 ταῖς
1458 2543 1646 2599 τύχαισι
1685 2560 1794 2594 τους

154 2597 326 2669 2.όγο’9ς
349 2594 615 2644 ἀπώλεσαν.
654 2603 908 2654 Aeschylus
930 2605 1099 2670 respici
1120 2603 1336 2643 videtur·
1323 2617 1372 2643 m
1393 2603 1792 2669 Eur.Supp1.846:

160 2670 210 2698 εν
242 2650 289 2698 δ’
323 2653 410 2699 οὐκ
442 2652 676 2722 ἐρήσομαί
702 2671 775 2710 σε,
808 2655 871 2713 μή
904 2653 1071 2713 γέλωτ’
1103 2654 1258 2711 ὄφλω,
1291 2652 1384 2713 ὅτῳ
1419 2655 1614 2712 ξυνέστη
1647 2650 1790 2698 τῶνδ’

162 2708 360 2774 ἕκαστος
391 2708 441 2755 ἐν
471 2708 615 2770 μα’χῃ.
680 2728 811 2780 quae
828 2716 876 2755 in
906 2715 1014 2754 Eur.
1044 2714 1117 2759 El.
1144 2717 1228 2756 530
1257 2715 1487 2768 leguntur,
1519 2715 1711 2761 πολλοῖς
1744 2706 1791 2754 δ’

163 2780 224 2806 αν
237 2759 418 2830 εὕροις
445 2759 752 2834 βοστρύχους
790 2764 1081 2824 ὁμοπτέρους
1120 2768 1201 2811 και
1248 2769 1312 2824 μὴ
1354 2770 1555 2825 γεγῶσιν
1595 2767 1794 2834 αἵματος

162 2814 362 2883 ταύτοῦ,
402 2821 569 2878 γέρον,
609 2827 855 2868 referenda
894 2833 999 2867 sunt
1040 2827 1100 2866 ad
1130 2827 1296 2870 Aesoh
1330 2826 1440 2867 Cho.
1473 2828 1576 2867 229:
1616 2820 1792 2877 σκέψαι

161 2891 283 2931 κοαῃ
310 2857 577 2928 noo-rosceda
608 2877 869 2934 βόστρυχον
900 2895 1075 2934 τριχος.
