2022 3126
794 124 1048 173 ΕΔΕΝΗ

1634 106 1737 159 221

81 276 300 330 ΘΕΟΚ.
328 291 369 322 co
395 278 579 338 χαῖρε,
604 255 807 327 πατρὸς
829 248 1030 326 μνῆμ’·
1069 245 1155 305 ἐπ’
1184 245 1418 312 ἐξόδοισι
1443 240 1549 313 γὰρ
1632 252 1740 296 1165

275 358 493 419 ἔθαψα,
519 347 784 417 Πρωτεῦ,
811 336 863 395 σ’
897 331 1043 393 ε”νεκ
1071 336 1200 404 ἐμῆς
1223 327 1602 399 προσρήσεως·

274 433 360 492 ἀεὶ
385 437 449 492 δέ
468 429 519 488 σ’
554 427 712 496 ε’ξιιόν
736 448 794 480 τε
820 418 1045 479 κείσιων
1073 417 1278 488 δόμους

275 517 655 588 Θεοκλύμενος
680 523 806 574 παῖς
831 506 927 564 ὅδε
950 502 1329 576 προσεννέπει,
1356 497 1542 567 πάτερ.

276 604 433 677 ὑμεῖς
456 625 557 674 μεν
582 599 684 654 οὐν
707 595 880 658 κύνας
908 613 966 646 τε
988 589 1081 645 καὶ
1105 591 1301 657 θηρῶν
1326 582 1578 683 βρόχους,

278 695 482 762 δμῶες,
512 678 751 755 κομίζετ’
790 684 866 742 εἰς
892 676 1096 746 δόμους
1121 667 1515 741 τυραννικούς·

281 772 386 846 ἐγώ
415 770 466 828 δ’
496 765 735 842 ἐμαυτὸν
759 759 917 820 πόλλ’
948 756 1272 856 ἐλοιδόρησα
1296 750 1392 821 δή·

281 856 348 915 οὗ
374 858 478 929 γάρ
505 879 556 911 τι
578 850 806 924 θανάτῳ
831 845 961 910 τοὺς
988 864 1196 904 κακους
1219 838 1533 906 κολάζομεν.

281 946 373 999 καὶ
398 947 504 997 νῦν
528 940 808 1006 πέπυσμαι
833 926 1078 1003 φανερὸν
1099 922 1375 994 Ελλήνων
1401 917 1523 976 τινὰ

286 1034 362 1093 εἰς
386 1033 492 1098 γῆν
519 1021 756 1093 ἀφῖχθαι
779 1019 872 1073 καὶ
897 1013 1196 1084 λεληθέναι
1223 1005 1479 1074 σκοπούς,

286 1111 407 1184 ἤτοι
430 1109 705 1177 κατόπτην
727 1100 762 1174 ἢ
787 1110 1017 1164 κλοπαῖς
1041 1094 1375 1167 θηρωμενον

281 1196 531 1266 Ελένην·
558 1201 813 1247 θανεῖται
839 1183 913 1255 δ’,
940 1182 1010 1255 ἤν
1033 1205 1096 1254 γε
1121 1179 1189 1251 δὴ
1217 1181 1410 1249 ληφθῇ
1436 1173 1624 1245 μόνον.

290 1288 376 1339 ἔα

291 1364 434 1435 ἀλλ’,
461 1387 534 1428 ως
561 1368 732 1428 ἔοικε,
759 1357 935 1412 πάντα
961 1348 1412 1420 διαπεπραγμένα

285 1466 525 1523 ηυρηκα·
559 1445 776 1516 τύμβου
800 1463 905 1512 γαρ
931 1436 1095 1500 κενὰς
1120 1427 1340 1489 λιποῦσ’
1378 1431 1540 1499 ε’δρας

296 1533 328 1606 ἡ
363 1532 638 1601 Τυνδαρὶς
664 1540 790 1591 παῖς
816 1521 1320 1613 ἐκπεπόρθμευται
1323 1513 1539 1585 χθονός.

298 1617 406 1690 ωή,
432 1622 627 1688 χαλᾶτε
654 1618 900 1685 κλῇθρα·
934 1602 1095 1662 λύεθ’
1127 1609 1353 1665 ιππικας

297 1704 535 1775 φάτνας,
562 1698 788 1765 ὀπαδοί,
814 1685 1169 1763 κάκκομίζεθ’
1200 1684 1429 1757 άρματα,

300 1812 372 1853 ως
397 1784 466 1842 ἂν
491 1785 668 1842 πόνου
697 1779 751 1853 γ’
780 1783 930 1836 ε’κατι
955 1775 1026 1848 μὴ
1053 1774 1232 1844 λάθῃ
1225 1793 1289 1826 ιιε
1312 1775 1412 1840 γῆς

300 1869 458 1944 τῆσδ’
489 1862 865 1940 ε’κκομισθεῑσ’
895 1861 1116 1962 άλοχος,
1139 1881 1203 1929 ης
1229 1859 1465 1926 ἐφίεμαι.

302 1952 568 2058 ἐπίσχετ’·
599 1956 792 2022 εἰσορω
819 1947 924 2021 γὰρ
952 1970 1050 2010 ους
1075 1941 1351 2012 διώκομεν

303 2042 578 2114 παρόντας
604 2041 663 2094 ἐν
688 2036 904 2107 δόμοισι
929 2055 1031 2088 κου
1058 2025 1420 2100 πεφευγότας.

305 2124 474 2197 αὕτη,
499 2130 557 2180 τί
580 2125 822 2184 πέπλους
851 2120 1085 2189 μέλανας
1111 2112 1288 2183 ἐξήψω
1314 2107 1473 2180 χροὸς

308 2216 527 2267 λευκων
552 2203 813 2278 ἆμείψασ’
843 2210 901 2260 έκ
927 2225 983 2258 τε
1007 2197 1205 2271 κρατὸς
1237 2192 1501 2265 ευγενοῦς

307 2296 478 2367 κόμας
501 2298 733 2363 σίδηρον
757 2283 1055 2360 ε’μβαλοῦσ’
1086 2281 1390 2351 ἀπέθρισας

308 2389 540 2451 χλωροῖς
564 2400 622 2432 τε
644 2377 852 2446 τέγγεις
878 2372 1113 2443 δάκρυσι
1136 2365 1240 2439 σὴν
1268 2368 1510 2436 παρηίδα

312 2470 605 2527 κλαίουσα,
630 2457 866 2530 πότερον
891 2456 1142 2526 ἐννύχοις
1166 2451 1488 2519 σεσεισμένη

319 2551 526 2614 στένεις
554 2544 819 2616 ὀνείροις,
847 2567 880 2614 η
908 2542 1076 2613 φάτιν
1104 2531 1212 2592 τιν’
1242 2542 1471 2590 οίκοθεν

317 2634 563 2689 κλύουσα
588 2631 736 2702 λύπῃ
761 2627 859 2692 σὰς
884 2627 1226 2695 διέφθαρσαι
1249 2620 1480 2690 φρένας-ς

131 2728 241 2780 ΕΛ.
313 2743 353 2774 ω
383 2714 603 2774 δέσποτ
614 2760 627 2786 ,
654 2712 761 2785 ἤδη
785 2735 892 2784 γαρ
917 2706 1034 2765 τόδ’
1063 2700 1310 2777 ὀνομάζω
1335 2700 1387 2758 σ’
1417 2707 1561 2770 ἔπος,

322 2801 528 2859 όλωλα·
554 2803 778 2872 φροῦδα
801 2794 942 2867 ταμά
966 2789 1170 2849 κούδέν
1196 2786 1301 2860 εἰμ’
1331 2793 1426 2842 ἔτι.

132 2895 349 2948 ΘΕΟΚ.
380 2890 441 2943 ἐν
463 2909 537 2941 τω
563 2886 624 2941 δε
646 2896 826 2939 κεῖσαι
848 2883 1164 2950 συμφορᾶς;
1190 2898 1270 2938 τις
1298 2897 1332 2943 η
1357 2871 1522 2941 τύχη;

1641 674 1750 718 1170

1650 1095 1756 1139 1175

1658 1607 1766 1650 1180

1665 2031 1773 2075 1185

1676 2455 1781 2499 1190

1682 2876 1788 2922 1195
