2022 3126
498 108 836 155 ΗΡΑΚΛΗΣ
860 105 1365 154 ΜΑΙΝΟΜΕΝΟΣ
1652 103 1752 154 355

298 243 326 301 ὃ
349 247 402 304 δ’
433 251 722 313 ἐξελίσσων
749 250 916 300 παῖδα
944 250 1127 308 κίονος
1149 244 1336 319 κύκλῳ

296 332 546 403 πόρευμα
571 329 757 386 δεινὸν
781 329 974 398 ποδός,
1008 331 1259 384 ἐναντίον
1282 332 1507 396 σταθεὶς

297 417 485 487 βάλλει
510 414 645 486 πρὸς
666 406 812 485 ἧπαρ
830 432 842 442 ·
867 411 1060 476 ὕπτιος
1085 413 1146 467 δὲ
1170 419 1394 479 λαΐνους

300 499 635 570 ὀρθοστάτας
661 503 888 554 ἔδευσεν
911 499 1158 553 ἐκπνέων
1181 503 1322 568 βίον.
1672 510 1757 556 980

293 608 323 640 ο
354 583 405 640 δ’
434 582 665 655 ἠλάλαξε
689 581 1111 653 κάπεκόμπασεν
1135 581 1289 636 τάδε·

300 666 375 733 εἷς
404 692 504 740 μεν
528 666 753 731 νεοσσὸς
778 665 874 723 ὅδε
896 665 1092 722 θανών
1114 664 1456 734 Εὐρυσθέως

298 760 505 824 ἔχθραν
529 752 788 826 πατρῴαν
811 755 1042 807 ἐκτίνων
1063 753 1317 807 πέπτωκέ
1337 774 1442 822 μοι.

300 836 446 911 ἄλλῳ
473 836 526 891 δ’
555 841 733 908 ἐπεῖχε
757 834 890 906 τόξ’,
916 833 974 900 ὃς
1000 833 1141 906 ἀμφὶ
1164 841 1379 906 βωμίαν

301 925 491 992 ἔπτηξε
515 919 739 993 κρηπῖδ’
769 919 840 985 ὡς
865 922 1161 991 λεληθέναι
1186 924 1388 978 δοκῶν.
1677 934 1759 977 985

301 1007 508 1076 φθάνει
534 1005 587 1061 δ’
615 1003 643 1061 ὁ
667 1005 885 1076 τλήμων
909 1005 1103 1076 γόνασι
1129 1003 1458 1076 προσπεσών
1480 1004 1680 1078 πατρὸς

301 1094 392 1145 καὶ
416 1089 552 1159 πρὸς
576 1093 793 1161 γένειον
820 1103 974 1160 χεῖρα
997 1091 1090 1144 καὶ
1115 1091 1283 1160 δέρην
1306 1089 1516 1160 βαλών·

303 1176 343 1230 ω’
371 1173 610 1245 φίλτατ’,
636 1173 807 1248 αὐδᾷ,
835 1175 908 1246 μή
931 1172 986 1245 μ’
1016 1172 1340 1246 άποκτείνης
1358 1218 1371 1244 ,
1398 1175 1595 1245 πάτερ·

300 1260 391 1324 σός
417 1265 526 1330 εἰμι
555 1259 647 1325 σὸς
673 1273 824 1329 παῖς,
857 1257 923 1313 οὐ
949 1258 1046 1314 τὸν
1069 1256 1411 1329 Εὐρυσθέως
1438 1256 1595 1325 ὀλεῖς.

294 1339 325 1400 ὃ
353 1341 404 1399 δ’
433 1342 717 1415 ἀγριωπὸν
747 1342 891 1414 ὄμμα
913 1343 1190 1415 Γοργόνος
1214 1345 1485 1414 στρέφων,
1682 1357 1766 1401 990

301 1426 372 1493 ὡς
404 1427 556 1492 ἐντὸς
581 1435 704 1499 ἔστη
729 1441 855 1493 παῖς
879 1434 1092 1499 λυγροῦ
1118 1427 1459 1500 τοξεύματος,

301 1513 693 1583 μυδροκτύπον
718 1511 910 1584 μίμημ’
939 1510 1078 1583 ὑπὲρ
1104 1510 1244 1583 κάρα
1270 1512 1456 1584 βαλών

301 1597 466 1664 ξύλον
489 1604 701 1665 καθῆκε
725 1596 918 1662 παιδὸς
946 1603 1021 1662 εἰς
1045 1596 1255 1664 ξανθὸν
1278 1598 1436 1667 κάρα,

303 1686 493 1752 ἔρρηξε
520 1687 552 1737 δ
561 1679 572 1699 '
602 1680 748 1737 ὀστᾶ.
776 1682 1039 1754 δεύτερον
1064 1683 1125 1737 δὲ
1151 1680 1303 1738 παῖδ’
1333 1681 1490 1751 ἑλών,

299 1779 469 1838 χωρεῖ
488 1773 673 1837 τρίτον
697 1765 836 1838 θῦμ’
867 1764 938 1832 ὡς
964 1767 1279 1837 ἐπισφάξων
1311 1771 1491 1822 δυοῖν,
1683 1777 1768 1822 995)

302 1849 438 1906 ἀλλὰ
464 1851 672 1922 φθάνει
696 1876 786 1907 νιν
817 1850 850 1922 ἡ
875 1850 1085 1907 τάλαιν’
1118 1860 1244 1907 εἴσω
1271 1851 1458 1922 δόμων

301 1935 475 2007 μήτηρ
501 1933 918 2007 ὑπεκλαβοῦσα,
945 1938 1036 1991 καὶ
1061 1937 1215 2009 κλῄει
1241 1934 1434 2001 πύλας.

303 2021 331 2076 ὃ
359 2019 410 2076 δ’
441 2018 513 2085 ὥς
537 2020 623 2076 ἐπ’
653 2019 840 2086 αὐτοῖς
865 2020 932 2091 δὴ
962 2025 1379 2076 Κυκλωπίοισιν
1415 2011 1491 2067 (ὃν

302 2103 529 2160 σκάπτει
553 2106 807 2176 μοχλεύει
831 2106 1108 2176 θύρετρα,
1133 2104 1429 2177 κάκβαλὼν
1453 2101 1670 2174 σταθμὰ

306 2187 554 2259 δάμαρτα
577 2192 669 2245 καὶ
693 2188 845 2246 παῖδ’
877 2192 960 2246 ἑνὶ
983 2192 1360 2261 κατέστρωσεν
1385 2192 1548 2261 βέλει.
1662 2199 1771 2243 1000

305 2272 552 2329 κάνθένδ
558 2297 581 2328 ε
607 2274 743 2342 πρὸς
766 2277 1023 2346 γέροντος
1051 2275 1269 2330 ἱππεύει
1293 2274 1496 2345 φόνον·

308 2354 427 2412 ἀλλ’
457 2351 633 2428 ἦλθεν
658 2359 823 2415 εἰκὼν
852 2356 924 2424 ὡς
947 2357 1086 2430 ὁρᾶν
1111 2363 1365 2430 ἐφαίνετο

302 2441 525 2507 Παλλὰς
550 2441 909 2514 κραδαίνουσ’
940 2449 1092 2515 ἔγχος
1117 2445 1205 2499 ἐπὶ
1229 2444 1385 2518 λόφῳ
1410 2444 1562 2514 κέαρ,

304 2524 539 2597 κᾶρριψε
564 2530 764 2599 πέτρον
787 2530 1019 2598 στέρνον
1045 2533 1119 2592 εἰς
1141 2525 1489 2600 ἹΙρακλέους,

306 2608 365 2674 ὅς
389 2635 479 2666 νιν
505 2612 685 2682 φόνου
711 2610 990 2684 μαργῶντ’
1020 2615 1209 2682 ἐπέσχε
1234 2619 1347 2678 κείς
1370 2610 1552 2668 ὕπνον
1665 2625 1773 2666 1005

305 2702 544 2766 καθῆκε·
586 2703 765 2752 πίτνει
789 2695 842 2751 δ’
875 2703 950 2760 εἰς
975 2698 1144 2751 πέδον
1160 2741 1174 2767 ,
1201 2696 1337 2768 πρὸς
1360 2703 1522 2752 κίονα

304 2785 483 2835 νῶτον
506 2781 766 2851 πατάξας,
801 2778 859 2846 ὃς
883 2781 1154 2851 πεσήμασι
1177 2783 1368 2853 στέγης

306 2865 631 2936 διχορραγὴς
656 2872 829 2921 ἔκειτο
854 2869 1144 2937 κρηπίδων
1169 2871 1273 2922 ἔπι.

1397 2944 1507 2998 23*
