2022 3126
225 107 327 157 430

236 1861 344 1909 XO.

844 106 1260 153 ΙΠΠΟΛΥΤΟΣ

415 246 688 306 νοσοῦνθ’
716 244 960 317 ὁρῶντας
984 246 1181 314 λέκτρα
1205 242 1276 315 μὴ
1305 248 1489 298 δοκεῖν
1515 242 1678 315 ὁρᾶν;

418 334 624 397 πόσους
648 332 710 387 δὲ
735 331 889 386 παισὶ
913 331 1145 400 πατέρας
1172 325 1510 400 ἡμαρτηκόσι

416 421 827 487 συνεκκομίζειν
851 414 1106 484 Κύπριν;
1133 416 1192 468 ἐν
1217 425 1437 484 σοφοῖσι
1462 412 1565 485 γὰρ

414 500 535 558 τάδ’
570 503 681 557 ἐστὶ
705 505 958 570 θνητῶν,
986 497 1290 553 λανθανειν
1315 496 1380 552 τὰ
1405 496 1477 568 μὴ
1509 499 1663 553 καλα.

417 585 542 642 οὐδ’
571 590 828 642 ἐκπονεῖν
851 606 934 639 τοι
959 589 1096 654 χρῆν
1125 588 1252 654 βίον
1276 588 1403 637 λίαν
1427 584 1686 652 βροτούς·

417 669 550 727 οὐδε
582 671 779 740 στέγην
808 666 912 739 γὰρ
940 656 1002 739 ἦς
1031 680 1358 738 κατηρεφεῖς
1389 665 1549 765 δόμοι

414 761 591 820 καλῶς
615 752 1008 825 ἀκριβῶσειαν·
1043 757 1118 816 εἰς
1143 752 1204 807 δὲ
1226 750 1326 822 τὴν
1350 751 1522 821 τύχην

415 836 643 896 πεσοῦσ’
679 836 814 909 ὅσην
839 836 908 892 σὺ
931 844 1045 901 πῶς
1069 833 1137 891 ἄν
1162 839 1418 892 ἐκνεῦσαι
1442 840 1623 901 δοκεῖς
1638 862 1650 902 ;

417 922 537 980 ἄλλ’
570 929 620 980 εί
639 922 704 979 τὰ
729 928 899 979 πλείω
924 940 1129 994 χρηστα
1158 927 1269 976 τῶν
1293 926 1481 976 κακῶν
1507 926 1662 991 ἔχεις,

416 1006 712 1081 ανθρωπος
737 1001 876 1063 οὖσα
900 1030 1072 1078 καρτα
1097 1003 1150 1076 γ’
1184 998 1248 1061 εὖ
1273 1005 1576 1075 πραξειας’
1554 1030 1637 1061 αν.

418 1091 538 1148 ἀλλ’
569 1095 609 1148 ῶ
638 1099 771 1195 φίλη
798 1105 924 1162 παῖ,
951 1097 1083 1163 λῆγε
1107 1114 1208 1162 μεν
1233 1096 1420 1145 κακῶν
1451 1098 1693 1160 φρενῶν,

416 1182 581 1248 λῆξον
609 1175 662 1233 δ’
693 1174 1009 1248 ὑβρίζουσ’
1037 1199 1103 1230 ου
1131 1199 1234 1245 γαρ
1262 1173 1394 1230 αλλο
1420 1174 1564 1246 πλὴν
1589 1173 1751 1246 ὕβρις

415 1260 534 1317 τάδ’
566 1265 684 1317 ἐστί
691 1267 967 1332 ,κρείσσω
994 1259 1275 1331 δαιμόνων
1302 1259 1443 1314 εἶναι
1465 1262 1679 1315 θέλειν·

418 1347 588 1418 τόλμα
613 1345 667 1402 δ’
698 1349 901 1416 ἐρῶσα·
935 1344 1068 1409 θεὸς
1093 1344 1375 1416 ἐβουλήθη
1402 1343 1546 1399 ταδε.

416 1438 655 1487 νοσοῦσα
683 1429 734 1485 6'
767 1432 830 1486 εὐ
855 1453 969 1494 πως
994 1429 1094 1500 τὴν
1119 1430 1284 1485 νόσον
1314 1431 1712 1499 καταστρέφου.

419 1518 557 1572 εἰσὶν
588 1513 641 1571 δ’
673 1517 881 1571 ἐπωδαὶ
905 1517 997 1570 καὶ
1027 1514 1178 1611 λόγοι
1201 1513 1547 1585 θελκτήριοι·

417 1600 725 1672 φανήσεταί
742 1625 793 1656 τι
817 1604 981 1671 τῆσδε
1006 1600 1299 1671 φάρμακον
1333 1599 1519 1654 νόσου.

417 1688 451 1757 ἡ
478 1683 599 1756 τᾶρ’
630 1709 698 1741 αν
723 1683 828 1749 ὀψέ
854 1682 906 1755 γ’
937 1682 1135 1755 ανδρες
1162 1680 1482 1755 ἐξεύροιεν’
1461 1707 1546 1752 αν,

422 1777 472 1826 εί
494 1770 566 1841 μὴ
599 1783 857 1841 γυναῖκες
881 1768 1123 1840 μηχανὰς
1152 1766 1472 1840 εὑρήσομεν.

414 1860 660 1925 Φαίδρα,
691 1857 836 1926 λέγει
861 1854 961 1925 μὲν
985 1851 1085 1925 ἥδε
1109 1853 1485 1925 χρησιμώτερα

417 1940 554 2010 πρὸς
577 1939 678 2011 τὴν
703 1945 992 2040 παροῦσαν
1017 1938 1340 2009 συμφοράν,
1370 1943 1505 1994 αἰνῶ
1533 1937 1593 1991 δε
1618 1938 1692 1992 σέ.

417 2021 443 2079 ὁ
476 2023 529 2078 6
563 2047 715 2088 αινος
739 2025 897 2088 οὗτος
922 2025 1344 2093 δυσχερέστερος
1368 2024 1558 2095 ψόγων

416 2115 527 2163 τῶν
550 2113 714 2179 τῆσδε
740 2132 831 2162 και
860 2109 948 2163 σοὶ
970 2114 1177 2178 μᾶλλον
1205 2105 1413 2178 ἆλγίων
1437 2105 1644 2161 κλύειν.

233 2198 379 2247 ΦΑΙ.
409 2190 559 2248 τοῦτ’
593 2191 715 2248 ἔσθ’
743 2217 771 2248 ο
796 2198 1022 2263 θνητῶν
1047 2193 1109 2247 εὐ
1141 2191 1326 2256 πόλεις
1350 2192 1673 2261 οἰκουμένας

241 2536 335 2584 TP.

417 2278 622 2348 δόμους
645 2275 691 2331 τ’
725 2273 990 2332 ἆπόλλυσ’
998 2282 1095 2346 ,οἱ
1111 2278 1269 2332 καλοι
1293 2283 1418 2332 λίαν
1443 2272 1609 2346 λόγοι.

420 2360 486 2417 οὐ
511 2362 614 2433 γάρ
641 2387 690 2418 τι
714 2374 887 2417 τοῖσιν
912 2359 1013 2417 ῶσὶ
1036 2359 1242 2432 τερπνὰ
1266 2360 1367 2433 χρὴ
1394 2363 1592 2430 λέγειν.

419 2444 538 2501 ἀλλ’
567 2449 618 2513 ἐξ
648 2444 780 2502 ὅτου
803 2470 882 2511 τις
910 2444 1135 2517 εὐκλεὴς
1160 2447 1459 2518 γενήσεται.

418 2537 475 2586 τί
496 2540 890 2602 σεμνομυθεῖς;
921 2529 988 2587 οὐ
1012 2532 1193 2602 λόγων
1220 2528 1576 2602 εὐσχημόνων

418 2620 507 2670 δεῖ
528 2613 603 2683 σ’,
631 2614 768 2671 ἄλλα
792 2613 1027 2686 τάνδρὸς
1053 2613 1124 2680 ῶς
1149 2616 1307 2686 τάχος
1335 2616 1592 2682 διιστέον,

415 2699 512 2755 τὸν
538 2698 720 2755 εὐθὺν
743 2700 1051 2765 ἐξειπόντας
1075 2698 1214 2770 ἀμφὶ
1240 2706 1342 2755 σοῦ
1366 2699 1548 2769 λόγον.

417 2790 468 2839 εἰ
489 2784 589 2853 μὲν
613 2784 718 2855 γὰρ
742 2776 813 2854 ἦν
837 2803 922 2839 σοι
945 2784 1016 2856 μὴ
1042 2782 1122 2840 ’πὶ
1147 2797 1454 2855 συμφοραῖς
1478 2789 1596 2854 βίος

414 2872 691 2938 [τοιαῖσδε,
709 2868 951 2938 σώφρων
975 2868 1028 2924 δ’
1057 2862 1180 2924 οὖσ’
1210 2868 1500 2939 ἐτύγχανες
1526 2865 1687 2938 γυνή,

1800 430 1881 473 465

1802 850 1884 892 470

1803 1273 1882 1315 475

1801 2118 1882 2163 485

1800 2544 1883 2587 490
