2022 3126
30 1238 148 1288 ΗΛ.

34 2083 148 2131 AY.

39 2587 144 2634 ΟΡ.

696 82 1018 129 ΗΛΕΚΤΡΑ

218 224 278 277 ἐν
300 216 334 293 ᾖ
361 218 476 276 τόδ’
508 218 674 291 ἄγγος
696 218 829 294 τῷδ’
860 223 1166 292 ἐφεδρεῦον
1189 221 1332 294 κάρᾳ

220 306 468 377 φέρουσα
491 302 667 376 πηγὰς
690 308 954 374 ποταμίας
977 307 1322 378 μετέρχομαι,

226 386 292 442 οῦ
329 389 397 460 δή
424 413 476 444 τι
498 395 681 461 χρείας
708 393 782 453 εἰς
804 386 1026 443 τοσόνδ’
1055 386 1348 460 ἀφιγμένη,

220 470 341 528 ἀλλ’
373 471 444 538 ὥς
467 470 634 544 ὕβριν
659 472 923 544 δείξωμεν
949 478 1232 543 Αἰγίσθου
1255 482 1430 550 θεοῖς,

216 556 384 628 γόους
406 555 453 612 τ’
484 554 683 627 ἀφίημ’
711 554 897 628 κίθέρ’
931 562 1006 621 εἰς
1030 559 1202 627 μέγαν
1227 564 1407 628 πατρί.

218 638 251 711 ἡ
277 638 382 711 γὰρ
407 639 667 711 πανώλης
697 643 973 713 Τυνδαρὶς
997 641 1172 712 μήτηρ
1202 641 1298 712 ἐμὴ

217 727 440 794 ἐξέβαλέ
460 725 510 795 μζ
546 734 742 796 οἴκων,
766 726 958 797 χάριτα
982 728 1243 796 τιθεμένη
1269 727 1426 781 πόσει
1442 745 1452 754 ·

217 816 450 865 τεκοῦσα
480 810 530 865 δ’
558 807 758 874 ἄλλους
781 814 980 874 παῖδας
1009 815 1265 884 Αἰγίσθῳ
1291 811 1436 882 πάρα

217 891 451 965 πάρεργ’
484 893 740 965 Ὀρέστην
764 891 901 964 κάμὲ
929 907 1163 950 ποιεῖται
1188 894 1388 965 δόμων.

138 1025 148 1036 .
216 985 270 1032 τί
292 976 398 1051 γὰρ
423 975 544 1033 τάδ’
563 1021 576 1047 ,
603 970 647 1032 οἷ
673 975 922 1049 δύστην’,
951 977 1087 1063 ἐμὴν
1110 988 1335 1050 μοχθεῖς
1357 976 1518 1051 χάριν

219 1062 425 1127 πόνους
450 1068 676 1132 ἔχουσα,
708 1062 959 1133 πρόσθεν
991 1064 1054 1118 εῦ
1078 1065 1447 1135 τεθραμμένη,

217 1148 306 1200 καὶ
334 1143 490 1201 ταῦτ’
519 1150 652 1217 ἐμοῦ
679 1148 934 1218 λέγοντος
958 1145 1062 1202 οῦκ
1087 1145 1413 1218 άφίστασαι;

218 1226 328 1301 ε’γω’
351 1227 403 1285 σ’
433 1238 555 1287 ἴσον
578 1239 795 1286 θεοῖσιν
819 1229 1060 1303 ἡγοῦμαι
1085 1239 1277 1303 φίλον·

218 1317 278 1369 ἐν
302 1328 413 1380 τοῖς
441 1318 586 1386 ἐμοῖς
609 1314 714 1386 γάρ
739 1313 841 1371 οὐκ
870 1316 1163 1387 ἐνύβρισας
1187 1330 1389 1381 κακοῖς.

220 1400 426 1470 ιιεγάλη
452 1400 512 1454 δὲ
539 1408 765 1470 θνητοῖς
789 1413 951 1471 μοῖρα
976 1406 1266 1473 συμφορᾶς
1290 1407 1459 1471 κακῆς

221 1483 412 1555 ἰατρὸν
438 1480 650 1556 εὑρεῖν,
682 1481 753 1549 ὡς
777 1483 881 1556 ἐγω
909 1484 969 1540 σὲ
991 1485 1269 1556 λαμβάνω.

221 1572 309 1623 δεῖ
331 1568 399 1640 δή
422 1590 488 1639 με
513 1566 881 1624 κάκέλευστον
909 1575 984 1634 εἰς
1010 1566 1142 1624 ὅσον
1167 1572 1352 1625 σθένω

219 1653 435 1723 μόχθου
459 1649 946 1724 ’πικουφίζουσαν,
974 1651 1045 1717 ὡς
1070 1656 1207 1727 ῥᾷον
1233 1655 1421 1726 φέρῃς,

218 1743 634 1808 συνεκκομίζειν
657 1740 744 1793 σοὶ
767 1739 988 1803 πόνους.
1015 1735 1135 1803 ἅλις
1158 1737 1209 1793 δ’
1244 1745 1381 1809 ἔχεις

219 1818 468 1888 τᾶξωθεν
493 1828 624 1893 ἔργα
640 1841 651 1851 ·
685 1819 785 1877 τάν
810 1824 995 1892 δόμοις
1024 1819 1078 1878 δ’
1111 1819 1250 1893 ἡμᾶς
1272 1820 1451 1895 χρεων

221 1908 633 1978 ἐξευτρεπίζειν.
662 1907 887 1962 εἰσιόντι
914 1904 965 1962 δ’
996 1907 1196 1980 ἐργάτῃ

219 1990 481 2061 θύραθεν
502 1988 612 2061 ἡδῦ
635 1989 840 2047 τᾶνδον
865 1989 1144 2063 εὑρίσκειν
1166 1998 1360 2056 καλῶς.

221 2083 274 2130 εἰ
293 2098 377 2130 τοι
403 2080 560 2131 δοκεῖ
581 2094 695 2146 σοι,
723 2089 920 2147 στεῖχε·
948 2078 1041 2131 καὶ
1064 2075 1170 2147 γὰρ
1195 2073 1262 2131 οῦ
1289 2075 1475 2147 πρόσω

221 2161 390 2230 πηγαὶ
414 2156 714 2231 μελάθρων
738 2158 925 2216 τῶνδ’.
951 2159 1057 2232 ἐγω
1085 2157 1136 2216 δ’
1167 2158 1260 2232 ἅμ’
1287 2157 1463 2233 ἡμέρα

220 2249 355 2314 βοῦς
381 2249 455 2308 εἰς
480 2241 722 2316 ἀρούρας
746 2250 1020 2317 εἰσβαλὼν
1043 2252 1227 2315 σπερῶ
1253 2245 1406 2316 γύας.

222 2325 389 2398 ἄργος
410 2327 516 2399 γὰρ
542 2325 727 2394 οὐδεὶς
750 2328 923 2394 θεοὺς
947 2336 1086 2400 ἔχων
1112 2326 1216 2384 ἄνα
1242 2328 1414 2398 στόμα

223 2418 346 2482 βίον
373 2410 590 2469 δύναιτ’
626 2408 695 2468 ἂν
719 2416 1002 2486 ξυλλέγειν
1027 2411 1163 2469 ἄνευ
1189 2414 1382 2468 πόνου.

220 2580 483 2652 Πυλάδη,
513 2582 573 2637 σὲ
596 2580 701 2653 γὰρ
733 2580 801 2653 δὴ
825 2588 1046 2653 πρῶτον
1070 2580 1388 2651 ἀνθρώπων
1414 2580 1519 2652 ἐγω

223 2662 418 2720 πίστόν
441 2672 641 2736 νομίζω
665 2668 758 2722 καὶ
783 2672 950 2737 φίλον
973 2668 1130 2732 ξένον
1153 2662 1202 2721 τ’
1231 2669 1373 2737 ἐμοί·

224 2749 390 2819 μόνος
413 2747 465 2804 δ’
489 2746 749 2822 Ὀρέστην
771 2747 923 2806 τόνδ’
952 2750 1256 2821 ἐθαύμαζες
1281 2756 1479 2821 φίλων,

1631 1076 1684 1119 65

1631 1497 1688 1541 Ἰν

1633 1918 1685 1963 75

1632 2765 1690 2806 84

224 2830 525 2903 πράσσονθ’
555 2831 589 2889 ἃ
613 2835 840 2905 πράσσω
866 2831 1010 2890 δείν’
1040 2831 1137 2889 ὑπ’
1164 2840 1446 2905 Αἰγίσθου
1471 2836 1686 2902 παθών,

1335 2916 1437 2964 16*
