2022 3126
188 67 287 119 332

191 724 297 775 XO.

583 72 923 118 ΗΡΑΚΔΗΣ
953 73 1459 122 ΜΑΙΝΟΜΕΝΟΣ

374 222 567 280 κρατεῖ
585 208 789 280 χθονὸς
812 208 987 281 τῆσδ’,
1019 208 1128 266 ἀλλ’
1158 210 1263 282 ἐγώ
1289 210 1355 266 τὰ
1378 217 1487 267 νῦν
1511 213 1642 271 τάδε

373 292 530 365 ὑμεῖς
557 294 619 349 δὲ
641 295 896 367 πρέσβεις
920 308 1036 360 ταῖς
1066 299 1216 367 ἐμαῖς
1245 299 1486 352 ἐναντίοι

371 376 680 450 γνώμαισιν
705 375 875 450 ὄντες,
903 378 969 435 οὐ
995 380 1169 451 μόνον
1200 380 1481 447 στενάξετε

372 462 501 528 τοὺς
518 460 872 535 Ἡρακλείους
895 470 1109 536 παῖδας,
1137 462 1274 520 ἀλλὰ
1297 467 1390 521 καὶ
1415 465 1589 536 δόμου

371 549 564 618 τύχας,
591 545 725 603 ὅταν
749 548 928 622 πάσχῃ
953 573 1020 621 τι,
1047 550 1397 622 μεμνήσεσθε
1423 550 1484 606 δὲ

372 637 567 688 δοῦλοι
592 639 828 704 γεγῶτες
851 641 945 705 τῆς
974 638 1102 706 ἐμῆς
1126 640 1475 707 τυραννίδᾞος

373 710 418 773 ώ
439 723 538 788 γῆς
562 716 887 789 λοχεύμαθ’,
915 717 1012 784 οὓς
1027 718 1196 792 ’Ἀρης
1221 726 1435 790 σπείρει
1459 720 1592 777 ποτε

371 802 579 874 λάβρον
603 803 904 875 δράκοντος
928 805 1270 876 ἐξερημώσας
1293 807 1483 876 γένυν,

372 884 439 943 οὐ
464 893 713 959 σκῆπτρα
738 887 917 960 χειρὸς
943 892 1120 956 δεξιᾶς
1146 893 1436 962 ἐρείσματα

371 970 553 1043 άρεῖτε
577 974 670 1028 καὶ
692 971 848 1029 τοῦδ’
882 971 1087 1044 ἀνδρὸς
1113 973 1340 1031 ἀνόσιον
1364 975 1504 1046 κάρα

370 1055 846 1128 καθαιματώσεθ’,
872 1055 1018 1124 ὅστις
1043 1057 1109 1115 οὐ
1131 1064 1404 1131 Καδμεῖος
1430 1055 1509 1114 ὢν

373 1165 526 1214 αρχει
549 1143 800 1208 κάκιστος
823 1150 935 1199 τῶν
960 1147 1104 1200 νέων
1129 1151 1331 1216 ε’πηλυς
1364 1142 1473 1199 ών·
1461 1187 1476 1210 ,

389 1225 401 1244 9
479 1225 491 1245 2
574 1224 587 1244 9
668 1232 678 1249 7

378 1309 502 1368 οὐδ’
533 1310 781 1384 ἁπόνησα
813 1311 971 1368 πόλλ’
1001 1312 1106 1385 ἐγὼ
1131 1313 1323 1386 καμών
1346 1316 1464 1385 χερὶ

372 1399 531 1464 ἕξεις·
570 1395 828 1469 ἀπέρρων
853 1402 886 1452 δ
893 1395 905 1416 ’
937 1404 1105 1454 ἐνθεν
1128 1392 1298 1471 ἦλθες
1323 1398 1544 1468 ἐνθάδε,

373 1479 553 1554 ὕβριζ’
572 1501 582 1511 ’
611 1485 746 1554 ἐμοῦ
771 1482 875 1554 γὰρ
901 1489 1101 1551 ζῶντος
1125 1482 1192 1541 οὐ
1218 1496 1426 1547 κτενεῖς
1450 1505 1580 1539 ποτε

371 1566 501 1632 τοὺς
517 1564 874 1639 Ἡρακλείους
899 1573 1122 1634 παῖδας·
1150 1567 1217 1625 οὐ
1244 1569 1472 1625 τοσόνδε
1497 1574 1594 1640 γῆς

375 1649 562 1722 ἔνερθ’
593 1655 799 1718 ἐκεῖνος
822 1653 1122 1724 κρύπτεται
1146 1653 1324 1711 λιπών
1347 1655 1527 1709 τέκνα.

378 1739 496 1793 ἐπεὶ
520 1735 590 1792 σὺ
618 1738 719 1807 μὲν
744 1744 851 1809 γῆν
875 1739 1041 1809 τήνδε
1066 1741 1315 1804 διολέσας
1340 1744 1495 1810 ἔχεις,

371 1818 403 1876 ὃ
429 1819 482 1877 δ’
513 1819 802 1893 ὠφελήσας
829 1821 997 1889 ἀξίων
1022 1822 1089 1880 οὐ
1113 1824 1397 1896 τυγχάνει

373 1929 604 1962 καπειτα
629 1907 854 1979 πράσσω
880 1907 1036 1964 πόλλ’
1065 1908 1189 1980 ἐγώ,
1217 1915 1415 1981 φίλους
1439 1904 1603 1978 ἐμοὺς

377 1991 653 2056 θανόντας
680 1993 743 2047 εὐ
769 1997 920 2063 δρῶν
946 1985 1015 2048 οὗ
1040 1999 1221 2065 φίλων
1243 1994 1475 2064 μάλιστα
1504 1995 1614 2055 δεῖς

379 2077 420 2131 ώ
446 2074 597 2142 δεξιὰ
620 2082 768 2147 χείρ,
797 2074 869 2142 ὥς
894 2086 1087 2142 ποθεῖς
1112 2084 1303 2149 λαβεῖν
1329 2077 1486 2147 δόρυ,

378 2164 438 2217 ἐν
463 2165 496 2216 δ
503 2158 516 2178 ’
547 2158 813 2234 ἀσθενείᾳ
837 2160 934 2217 τὸν
958 2164 1136 2218 πόθον
1154 2162 1433 2227 διώλεσας.

376 2247 494 2301 ἐπεὶ
519 2243 570 2300 6³
602 2243 797 2301 ἐπαυσ’
829 2243 898 2301 ἂν
925 2251 1129 2302 δοῦλον
1154 2246 1454 2304 ἐννέποντά
1482 2271 1547 2320 με

378 2332 470 2386 καὶ
494 2330 658 2387 τάσδε
684 2331 867 2402 Θήβας
893 2329 1131 2397 εὐκλεῶς
1157 2330 1465 2407 ωκήσαμεν,

379 2419 438 2471 ἐν
462 2411 546 2480 αἶς
570 2414 640 2472 σύ
666 2413 991 2487 χαίρεις.οὐ
1016 2415 1121 2487 γὰρ
1149 2419 1211 2472 εὐ
1238 2430 1440 2489 φρονεῖ
1461 2422 1616 2484 πόλις

382 2500 566 2555 στάσει
592 2507 834 2557 νοσοῦσα
858 2502 951 2556 καὶ
973 2514 1160 2566 κακοῖς
1186 2502 1585 2573 βουλεύμασιν·

385 2582 450 2640 οὐ
476 2585 580 2655 γάρ
599 2583 710 2641 ποτ’
739 2582 807 2641 ἂν
833 2586 892 2641 σὲ
915 2586 1189 2657 δεσπότην
1214 2588 1488 2659 ἐκτήσατο.
1557 2596 1560 2598 ’

199 2674 321 2723 ΜΕ.
392 2671 673 2741 γέροντες,
701 2676 863 2726 αἰνῶ·
891 2677 1002 2726 τῶν
1030 2678 1212 2740 φίλων
1235 2671 1339 2744 γὰρ
1371 2677 1551 2728 εἵνεκα

385 2751 552 2824 ὀργὰς
576 2759 788 2820 δικαίας
813 2754 942 2820 τοὺς
967 2761 1164 2826 φίλους
1189 2761 1333 2827 ἔχειν
1355 2756 1560 2827 χρεών·

385 2835 541 2909 ἡμῶν
567 2835 619 2893 δ’
649 2841 798 2895 ἕκατι
823 2839 1111 2904 δεσπόταις
1137 2839 1486 2911 θυμούμενοι

1758 567 1841 610 25⁰

1757 988 1840 1032 255

1760 1409 1843 1452 260

1761 1831 1843 1875 265

1759 2256 1849 2302 270

1764 2680 1851 2727 275
