2022 3126
788 84 1031 132 EKABH
1632 83 1735 133 143

267 220 342 288 ῶς
365 247 456 294 μοι
479 231 748 292 κρίνωσιν
772 220 1054 292 ὀνείρους;

270 308 420 364 εἶδον
443 312 548 379 γαρ
572 303 774 379 βαλιὰν
797 312 1008 378 ἔλαφον
1030 306 1207 363 λύκου
1231 313 1417 379 αἴμονι
1444 315 1582 383 χαλᾷ
1681 325 1738 367 90

266 395 638 463 σφαζομέναν,
707 388 803 446 ἀπ’
871 394 1019 461 ε’μῶν
1082 393 1335 462 γονάτων
1391 403 1744 450 σπασθεῑσαν

832 473 1048 549 ἀνάγκᾳ

267 567 496 630 οἰκτρῶς
512 580 522 589 ·
549 562 643 615 καὶ
667 559 794 616 τόδε
821 560 981 630 δεῖμά
1004 583 1113 630 μοι·

267 639 400 716 ἦλθ’
428 642 569 713 ὑπὲρ
595 642 766 713 ἄκρας
788 645 1003 716 τύμβου
1027 650 1279 716 κορυφᾶς

268 726 544 801 φάντασμ’
567 727 842 800 Ἀχιλέως·
875 727 993 802 ᾔτει
1022 729 1084 784 δὲ
1106 731 1269 800 γέρας

267 821 380 869 τῶν
403 815 778 885 πολυμόχθων
801 813 925 869 τινὰ
956 821 1006 869 Τ
1001 814 1276 883 ρωιάδων.
1685 831 1740 871 9⁵>

267 896 364 955 ἄπ’
392 901 521 970 ἐμᾶς
544 892 650 954 οὗν
674 896 770 954 ἀπ’
799 902 929 969 ἐμᾶς
952 899 1079 954 τόδε
1104 898 1299 964 παιδὸς

269 986 542 1053 πέμψατε,
570 989 857 1054 δαίμονες,
887 984 1131 1038 ἱκετεύω.

82 1075 177 1124 XO
259 1066 483 1138 Ἑκάβη,
512 1073 730 1141 σπουδῇ
755 1068 891 1139 πρός
915 1066 966 1123 σ’
997 1069 1265 1140 ἐλιάσθην

267 1152 361 1217 τὰς
385 1158 420 1207 δ
424 1154 766 1218 εσποσύνους
790 1152 996 1223 σκηνὰς
1021 1152 1374 1225 προλιποῦσ’,

268 1235 344 1292 ἵν’
373 1238 703 1309 ἐκληρώθην
726 1240 819 1293 καὶ
843 1239 1232 1310 προσετάχθην
1661 1256 1742 1296 100

269 1323 468 1394 δούλη,
495 1324 705 1388 πόλεως
730 1321 1152 1394 άπελαυνομένη

267 1413 362 1478 τῆς
381 1405 633 1477 Ἰλιάδος,
659 1408 857 1479 λόγχης
880 1413 1044 1480 αἰχμῇ

269 1492 637 1562 δοριθήρατος
661 1491 798 1562 πρὸς
817 1491 1065 1563 Ἀχαιῶν,

269 1574 437 1631 οὐδὲν
462 1579 692 1632 παθέων
721 1575 1180 1648 ἆποκουφίζουσ’ᾖ

270 1659 392 1716 ἀλλ’
422 1659 679 1732 ἀγγελίας
704 1662 872 1733 βάρος
896 1659 1142 1733 ἀραμένη
1663 1680 1742 1720 105

270 1748 409 1816 μέγα
432 1752 526 1800 σοί
544 1769 628 1816 τε,
654 1747 849 1817 γύναι,
873 1750 1048 1817 κῆρυξ
1073 1744 1265 1817 ἀχέων.

270 1834 330 1885 ἐν
353 1829 458 1900 γὰρ
478 1827 711 1901 Ἀχαιῶν
735 1832 930 1903 πλήρει
955 1832 1172 1904 ξυνόόω

269 1916 484 1985 λέγεται
510 1916 664 1982 δόξαι
691 1915 795 1987 σὴν
821 1914 975 1971 παῖδ’
999 1914 1203 1987 Ἀχιλεῖ

270 1998 512 2071 σφάγιον
535 2004 772 2056 θέσθαι·
806 2001 1022 2072 τύμβου
1047 2007 1080 2056 δ
1086 1999 1098 2019 '
1128 2003 1318 2074 ἐπιβὰς

269 2082 419 2139 οἷσθ’
448 2081 538 2140 ὅτε
562 2088 813 2156 χρυσέοις
840 2086 1019 2157 ἐφάνη
1044 2084 1152 2142 σὺν
1174 2084 1382 2157 ὅπλοις,
1662 2104 1743 2144 110

268 2168 362 2233 τὰς
386 2170 766 2238 ποντοπόρους
790 2168 845 2226 δ’
876 2178 997 2242 ἔσχε
1021 2176 1239 2243 σχεδίας

271 2260 442 2325 λαίφη
467 2252 759 2324 προτόνοις
787 2259 1225 2325 ἐπερειδομένας,

270 2339 400 2392 τάδε
423 2339 704 2395 θωΰσσων
719 2359 730 2368 ·

271 2437 370 2478 ποῖ
389 2420 459 2494 δή
471 2468 484 2494 ,
510 2431 754 2495 Δαναοί,
778 2425 878 2481 τὸν
901 2426 1034 2497 ἐμὸν
1057 2427 1269 2498 τύμβον

272 2507 559 2564 στέλλεσθ’
589 2507 894 2580 ἀγέραστον
917 2509 1177 2583 ἇφέντες;
1661 2526 1740 2567 115

271 2598 474 2663 πολλῆς
499 2591 551 2648 δ’
581 2599 762 2661 ἔριδος
783 2598 1079 2652 συνέπαισε
1104 2596 1347 2668 κλύδων,

274 2679 405 2742 δόξα
431 2675 483 2731 δ’
518 2679 708 2748 ἐχῶρει
735 2677 846 2750 δίχ’
876 2678 966 2735 ἄν’
987 2678 1264 2752 Ἑλλήνων

273 2761 509 2829 στρατὸν
532 2764 824 2835 αἰχμητήν,
854 2779 967 2829 τοῖς
990 2765 1089 2836 μὲν
1115 2763 1329 2822 διδόναι

271 2846 370 2911 τύμ
379 2853 460 2920 βω
484 2847 754 2918 σφάγιον,
781 2862 892 2913 τοῖς
917 2847 969 2904 δ’
1004 2847 1126 2920 οὐχὶ
1151 2855 1377 2906 δοκοῦν.
