2022 3126
225 104 418 145 XXXVI
691 105 775 147 DE
805 105 1116 148 EVRIPIDIS
1145 106 1400 148 INGENIO

229 230 421 279 vehitur
466 231 519 279 in
566 230 890 295 demagogos,
947 235 1033 297 qui
1080 234 1330 297 speciosae
1379 233 1615 282 orationis
1659 232 1866 282 artificio

227 301 285 348 ad
322 301 599 364 perniciosa
625 302 828 351 consilia
864 301 1171 366 plebeculam
1196 300 1533 366 pelliciant⁶8)‚
1573 310 1621 351 et
1646 302 1865 364 indigna-

229 377 307 418 tur
344 369 453 433 plus
491 372 618 436 apud
657 372 882 421 homines
921 373 1083 421 valere
1122 372 1318 420 dicendi
1364 372 1866 436 subtilitatem‚quam

228 440 401 503 agendi
458 444 720 490 navitatem
737 439 811 505 69).
886 441 1114 505 publicae
1168 442 1311 490 saluti
1368 443 1550 505 privata
1611 442 1867 491 commoda

228 509 561 574 posthabenda
603 526 708 560 esse
734 527 848 559 oum
887 510 1002 559 alibi
1029 512 1171 560 docet
1207 517 1309 559 tum
1347 512 1397 558 in
1423 511 1701 562 Erechtheo
1741 512 1867 575 (vide

228 580 286 628 fr.
325 583 426 630 362
467 588 517 629 et
555 582 690 641 364),
732 595 826 643 qua
865 581 1115 642 tragoedia
1153 584 1283 629 cives
1321 580 1380 628 ad
1419 584 1609 643 patriae
1647 596 1865 630 amorem

225 650 481 714 splendido
509 650 730 714 exemplo
767 653 1020 714 proposito
1046 650 1232 698 studuit
1269 648 1576 714 excitarem).
1635 652 1686 699 in
1723 667 1865 716 prae-

227 721 370 768 conio
410 735 504 784 quo
542 720 812 769 identidem
839 727 1055 769 veterem
1092 720 1231 768 urbis
1269 720 1473 782 gloriam
1502 727 1551 769 et
1586 719 1866 769 felicitatem

228 789 520 845 celebravit,
575 804 862 851 germanum
903 805 956 838 se
1003 790 1218 838 ostendit
1253 787 1693 853 Atheniensem71).
1767 806 1866 839 non

226 859 373 908 nullis
410 860 674 922 tragoediis
700 860 761 908 de
799 859 947 909 rebus
985 860 1215 923 gerendis
1241 867 1373 908 certa
1409 860 1544 908 dedit
1579 867 1865 925 praecepta:

228 929 354 978 velut
399 930 632 979 adversus
680 930 951 995 Spartanos
996 930 1231 995 populum
1271 929 1385 979 odio
1432 930 1737 980 inflammare
1784 945 1865 979 co-

229 1102 477 1177 εὐγένειαν
503 1104 636 1176 ὀλίγ’
668 1107 758 1163 ἔχω
783 1105 972 1176 φράσαι
1003 1105 1147 1153 καλά·
1179 1106 1202 1152 ὁ
1225 1124 1324 1177 μεν
1353 1107 1444 1164 γάρ
1475 1105 1646 1158 ἐσθλὸς
1669 1107 1866 1174 εὐγενὴς

226 1160 381 1230 ἔμοιγ’
420 1160 562 1220 ανήρ·
601 1182 625 1208 o
659 1165 708 1207 δ’
740 1161 796 1208 οὗ
829 1167 1040 1219 δίκαιος,
1079 1181 1170 1208 καν
1209 1161 1462 1231 ἀμείνονος
1499 1162 1678 1218 πατρὸς
1713 1162 1867 1230 Ζηνὸς

223 1217 453 1284 πεφύκῃ,
474 1216 714 1290 δυσγενὴς
740 1219 866 1264 εἶναι
897 1222 1049 1265 δοκεῖ.
1111 1224 1165 1263 fr.
1198 1225 1299 1264 168:
1338 1217 1537 1275 ὀνόματι
1567 1218 1780 1276 μεμπτὸν
1810 1219 1865 1264 τὸ

224 1272 393 1343 νόθον,
430 1273 455 1331 ἡ
491 1275 634 1331 φύσις
665 1274 714 1321 δ’
750 1278 842 1347 ἴση.
901 1280 1041 1319 Andr.
1076 1280 1179 1320 638:
1209 1273 1354 1320 νόθοι
1384 1291 1433 1320 τε
1463 1262 1635 1320 πολλοὶ
1660 1278 1867 1344 γνησίων

227 1328 489 1396 ἀμείνονες.
541 1337 637 1375 Ion.
660 1338 763 1377 854·
794 1332 849 1377 ἓν
879 1330 968 1398 γοῖρ
999 1350 1042 1376 τι
1064 1338 1166 1383 τοῖς
1189 1333 1435 1375 δούλοισιν
1457 1329 1690 1402 αἰσχύνην
1712 1331 1865 1387 φέρει,

224 1398 458 1443 τουνομα·
506 1405 563 1431 τα
605 1384 653 1431 δ’
695 1385 818 1432 ἄλλα
861 1385 1020 1432 πάντα
1059 1390 1152 1432 τῶν
1191 1385 1460 1452 ἐλευθέρων
1501 1387 1647 1432 οὐδεν
1685 1392 1867 1432 κακίων

226 1445 416 1506 δοῦλος,
449 1458 577 1493 οστις
611 1440 783 1493 ἐσθλὸς
814 1436 856 1513 ᾗ.
917 1447 974 1489 fr.
1006 1449 1108 1487 515.
1143 1446 1317 1487 δοῦλον
1348 1461 1439 1514 γαρ
1471 1441 1647 1487 ἐσθλὸν
1668 1441 1865 1498 τοῦνομ’

226 1496 280 1541 οὗ
303 1500 582 1563 διαφθερεῖ,
614 1501 779 1545 πολλοὶ
803 1497 847 1543 δ’
858 1495 1100 1572 ’'dpat'vovg
1123 1499 1212 1544 εἰσὶ
1235 1501 1330 1543 τῶν
1351 1497 1635 1568 ἐλευθέρων.
1686 1504 1739 1543 fr.
1759 1505 1865 1543 828:

225 1559 438 1598 πολλοῖσι
461 1552 654 1607 δούλοις
674 1552 871 1612 τοῦνομ’
894 1553 1104 1612 αἰσχρόν,
1136 1553 1164 1613 ἡ
1189 1554 1244 1600 δὲ
1278 1552 1404 1612 φρὴν
1436 1557 1528 1599 τῶν
1551 1553 1658 1612 οὐχὶ
1681 1552 1866 1600 δούλων

226 1607 321 1654 εἶ”στ
354 1609 723 1667 ἐλευθερωτέρα.

337 1671 409 1721 68)
442 1671 579 1736 Hipp.
599 1674 704 1713 486·
737 1665 872 1713 τοῦτ’
903 1666 1010 1712 ἔσθ’
1044 1668 1072 1711 ὸ
1092 1670 1288 1732 θνητῶν
1311 1659 1364 1712 εὖ
1394 1664 1558 1718 πόλεις
1581 1666 1867 1734 οἰκουμένας

226 1717 402 1790 δόμους
433 1741 459 1767 τ
511 1721 758 1779 ἄπόλ.’,7υσ
791 1722 842 1768 οἴ
867 1724 1006 1767 καλοὶ
1040 1726 1149 1767 λιάν
1182 1720 1327 1779 λόγ.οι
1390 1727 1464 1769 Or.
1495 1729 1597 1767 907:
1629 1740 1747 1766 οταν
1777 1724 1867 1791 γάρ

224 1775 348 1844 ἡδὺς
389 1785 491 1848 τοζς
533 1781 686 1837 λόγοις
718 1783 908 1836 φρονῶν
939 1781 1094 1829 κακῶς
1125 1784 1277 1835 πείθῃ
1308 1775 1359 1822 τὸ
1391 1781 1603 1844 πλῆθος,
1630 1781 1700 1847 τῇ
1730 1781 1866 1823 πό7ει

224 1833 375 1877 κακὸν
405 1834 540 1891 μέγα.
601 1840 771 1880 Bacch.
803 1842 905 1880 270:
937 1833 1122 1890 θρασύς
1153 1851 1203 1879 τε
1235 1831 1444 1884 δυνατὸς
1476 1836 1559 1879 καὶ
1590 1834 1745 1890 λέγειν
1767 1832 1867 1885 οἷός

225 1907 250 1933 τ
296 1886 420 1947 ανὴρ
451 1890 599 1943 κακὸς
629 1896 826 1959 πολίτης
857 1895 1072 1959 γίγνεται
1104 1893 1218 1960 νοῦν
1250 1908 1337 1934 ουκ
1371 1891 1502 1946 ἔχων.

337 1949 413 2013 69)
445 1951 563 1993 Hec.
586 1954 714 2022 1187.
749 1944 1098 2013 ανθρώποισιν
1111 1945 1198 1991 οὐκ
1229 1943 1397 2013 εχρῆν
1402 1963 1517 2013 ποτε
1537 1948 1629 1990 τῶν
1649 1963 1869 2015 πραγμα;

224 2018 318 2046 των
335 2021 422 2059 την
444 2005 698 2075 γλῶσσαν’
679 2000 861 2071 ισχύειν
879 2004 1045 2048 πλέον·
1071 1997 1172 2046 ἀλλ’
1192 2005 1285 2047 ει’τε
1309 1997 1468 2075 χρήστ’
1495 2002 1679 2058 ἔδρασε,
1704 1997 1869 2058 χρήστ’

229 2058 328 2101 ἔδει
353 2060 534 2126 λέγειν,
546 2058 636 2105 εἴτ’
658 2053 720 2104 αὖ
741 2057 945 2116 πονηροῖ,
957 2057 1077 2126 τοὺς
1100 2057 1319 2129 λόγους
1290 2066 1415 2103 εἰναι
1436 2046 1664 2124 σαθρούς.
1695 2063 1751 2102 fr
1762 2065 1865 2102 442:

227 2116 321 2167 φεῦ
346 2118 458 2187 φεῦζ
488 2113 539 2160 τό
561 2116 624 2173 μὴ
649 2134 708 2161 τα
729 2111 968 2173 πράγματ’
994 2111 1271 2168 ἆνθρωποις
1294 2114 1420 2170 ε’χειν
1434 2110 1640 2183 φωνην,
1657 2111 1725 2158 ιν’
1743 2106 1868 2183 ᾖσαν

227 2171 378 2243 μηδὲν
410 2171 458 2216 οἴ
487 2174 639 2217 δεινοι
673 2173 843 2229 λέγειν,
901 2175 1021 2215 Med.
1043 2176 1147 2215 582:
1177 2169 1358 2229 γλώσσῃ
1389 2188 1478 2226 γαρ
1511 2170 1673 2227 αὐχῶν
1703 2167 1866 2215 ταδικ’

230 2224 282 2274 εὖ
313 2234 624 2283 περιστελεῐν,
655 2232 805 2285 τολμᾷ
838 2244 1144 2284 πανουργειν.

343 2285 416 2353 70)
449 2288 519 2331 Cf.
553 2289 793 2339 Lycurgus
825 2302 862 2328 e.
894 2289 1055 2328 Leocr.
1079 2289 1102 2330 ‚S
1127 2289 1227 2328 100.
1262 2285 1459 2334 δικαίως
1491 2300 1552 2326 αν
1572 2300 1642 2333 τις
1665 2277 1868 2335 Εὖριπί-

232 2344 321 2406 δην
353 2336 665 2390 ἐπαινέσειεν,
698 2340 773 2385 ὅτι
793 2340 853 2384 *coi
874 2357 923 2384 τε
947 2337 1043 2383 αλλ’
1067 2335 1131 2382 ὧν
1153 2335 1346 2404 αγαθὸς
1371 2336 1587 2404 ποιητὴς
1593 2339 1676 2382 καὶ
1698 2340 1869 2383 τοῦτον

234 2396 310 2440 τὸν
329 2397 488 2450 μῦθον
503 2401 747 2462 προείλετο
765 2399 978 2453 ποιῆσαι,
986 2392 1265 2466 ἡγούμενος
1282 2392 1537 2439 καλλιστον
1560 2411 1620 2437 αν
1640 2395 1870 2462 γενέσθαι

231 2459 326 2502 τοῖς
357 2456 575 2502 πολίταις
605 2452 911 2508 παραδειγμα
941 2470 1026 2502 τας
1057 2449 1253 2496 ἐκείνων
1283 2448 1495 2506 πραξεις,
1525 2447 1642 2506 πρὸς
1673 2467 1730 2501 ας
1752 2447 1868 2494 ‹ino-

230 2510 491 2562 βλέποντας
521 2510 603 2552 καὶ
634 2511 942 2565 θεωροῦντας
973 2510 1322 2561 συνεθίζεσθαι
1353 2514 1461 2557 ταῖς
1482 2512 1666 2562 ’ψυχαῖς
1696 2503 1749 2549 τὸ
1780 2504 1870 2563 τὴν

227 2565 438 2618 πατρίδα
471 2569 646 2618 φιλεῖν.

341 2622 415 2674 71)
450 2623 547 2662 Ale.
569 2625 672 2663 452ε
707 2622 961 2674 λιπαραῖσί
987 2614 1030 2663 τ’
1065 2616 1114 2662 ἐν
1137 2615 1325 2686 ὀλβίαις
1353 2614 1587 2682 Ἀθήναις.
1635 2622 1740 2661 Tro.
1761 2621 1869 2660 208·

228 2672 318 2720 τᾶν
348 2674 544 2719 κλεινὰν
567 2671 668 2719 εἶθ’
703 2675 932 2731 ἔλθοιμεν
964 2673 1155 2743 Θησέως
1179 2672 1446 2738 εὐδαίμονα
1477 2671 1646 2739 χώραν.
1671 2677 1748 2740 ’,ἡ
1770 2678 1868 2725 362,

228 2739 277 2777 5·
312 2733 555 2787 λογίζομαι
588 2729 640 2774 δε
670 2732 845 2775 πολλοί·
885 2733 1048 2784 πρῶτα
1079 2747 1166 2783 μεν
1196 2726 1337 2773 πολιν
1370 2746 1457 2773 ουκ
1487 2725 1551 2772 o'c'v
1588 2725 1683 2773 τιν’
1717 2708 1868 2785 ἄλλην

227 2790 373 2844 τῆσδε
406 2789 572 2843 βελτίω
605 2789 782 2855 λαβεῖν.
847 2789 960 2829 adde
995 2790 1048 2828 fr.
1081 2790 1161 2829 971
1195 2794 1335 2840 atque
1373 2789 1581 2840 inprimis
1610 2788 1730 2831 Med.
1762 2790 1867 2829 824:

226 2815 535 2916 Ἐρεχθεῖδαι
578 2841 630 2887 τὸ
670 2839 879 2886 παλαιὸν
922 2839 1077 2911 ὄ7βιοι
1114 2843 1195 2884 καὶ
1240 2843 1371 2885 θεῶν
1408 2843 1585 2889 παῖδες
1627 2839 1870 2898 μακάρων,

231 2899 364 2955 ἲερᾶς
397 2895 551 2956 χώρας
582 2896 869 2955 ἀπορθήτου
897 2895 942 2942 τ’
975 2895 1361 2954 α’ποφερβόμενοι
1391 2892 1486 2941 κτὲ.
