2022 3126
193 100 292 153 126

858 99 1131 147 BAKXAI

390 246 581 299 ποδῶν
606 246 831 312 ἔχουσαι
854 237 1146 304 συντόνοις
1171 239 1504 311 δρομήμασι,

388 327 564 400 μήτηρ
589 323 795 397 Ἀγαύη
825 324 1100 396 σύγγονοί
1119 321 1171 380 θ’
1202 322 1507 397 ὁμόσποροι

387 417 565 468 πᾶσαί
589 434 648 467 τε
676 410 887 481 Βάκχαι
904 429 914 438 ·
943 408 1036 465 διὰ
1062 409 1124 465 δὲ
1146 411 1452 483 χειμάρρου
1482 411 1662 483 νάπης

387 495 582 569 ἀγμῶν
611 493 650 551 τ’
679 495 901 567 ἐπήδων
931 502 1075 550 θεοῦ
1104 508 1364 552 πνοαῖσιν
1389 498 1665 567 ἐμμανεῖς.

386 580 460 648 ὡς
490 588 524 638 δ
533 580 546 600 '
583 581 736 638 εἶδον
765 581 928 653 ἐλάτῃ
960 580 1237 651 δεσπότην
1266 580 1564 653 ἐφήμενον,
1750 598 1858 642 1095

385 674 609 739 πρῶτον
637 667 740 739 μὲν
770 665 944 722 αὐτοῦ
974 663 1249 737 χερμάδας
1278 667 1681 738 κραταιβόλους

386 760 676 823 ἔρριπτον,
713 749 1062 823 ἀντίπυργον
1092 755 1350 823 ἐπιβᾶσαι
1380 754 1604 826 πέτραν,

386 837 562 907 ὄζοισί
584 835 622 894 τ’
656 841 990 895 ἐλατίνοισιν
1017 834 1332 909 ἠκοντίζετο
1349 855 1360 865 ·

385 922 547 982 ἄλλαι
578 923 640 980 δὲ
669 923 921 995 θύρσους
953 927 1109 978 ἵεσαν
1140 920 1207 978 δι’
1241 924 1469 995 αἰθέρος

383 1012 672 1079 Πενθέως,
687 1008 883 1080 στόχον
898 1008 1201 1080 δύστηνον·
1229 1005 1343 1064 ἀλλ’
1362 1005 1466 1064 οὐκ
1481 1005 1704 1081 ἤνυτον.
1750 1025 1859 1067 1100

384 1108 646 1169 κρεῖσσον
674 1093 780 1166 γὰρ
811 1091 955 1159 ὕψος
985 1100 1079 1165 τῆς
1110 1100 1430 1167 προθυμίας
1463 1101 1605 1166 ἔχων

385 1187 635 1252 καθῆστο
666 1179 915 1251 τλήμων,
948 1177 1154 1253 ἀπορίᾳ
1183 1182 1536 1252 λελημμένος.

382 1270 536 1331 τέλος
567 1266 628 1322 δὲ
654 1270 922 1335 δρυΐνους
953 1271 1439 1336 συγκεραυνοῦσαι
1470 1267 1729 1337 κλάδους,

382 1356 530 1425 ῥίζας
555 1350 979 1423 ἀνεσπάρασσον
1011 1349 1297 1422 ἀσιδήροις
1328 1358 1564 1422 μοχλοῖς.

381 1440 501 1495 ἐπεὶ
532 1438 593 1493 δὲ
617 1437 846 1508 μόχθων
874 1434 1086 1508 τέρματ’
1116 1434 1219 1492 οὐκ
1250 1437 1532 1508 ἐξήνυτον,
1746 1454 1854 1495 1105

383 1521 519 1591 ἔλεξ’
543 1521 772 1594 Ἀγαύη·
795 1524 949 1594 φέρε,
976 1528 1301 1593 περιστᾶσαι
1325 1523 1514 1597 κύκλῳ

381 1610 634 1682 πτόρθου
659 1608 931 1680 λάβεσθε,
960 1609 1281 1679 ΑΜαινάδες,
1309 1608 1406 1664 τὸν
1433 1607 1684 1681 ἀμβάτην

379 1693 505 1767 θῆρ’
539 1691 611 1759 ὡς
639 1697 878 1764 ἕλωμεν,
907 1692 1039 1765 μηδ’
1070 1692 1379 1766 ἀπαγγείλῃ
1406 1701 1550 1750 θεοῦ

379 1778 581 1854 χορούς
609 1786 940 1851 κρυφαίους.
975 1785 1035 1836 αἳ
1057 1781 1117 1835 δὲ
1140 1786 1350 1852 μυρίαν
1371 1782 1505 1850 χέρα

381 1867 735 1937 προσέθεσαν
759 1864 922 1938 ἐλάτῃ
950 1862 1371 1931 κάξανέσπασαν
1395 1865 1602 1936 χθονός
1618 1884 1628 1894 ·
1745 1882 1854 1923 1110

381 1949 533 2017 ὑψοῦ
560 1950 622 2006 δὲ
647 1951 880 2006 θάσσων
904 1947 1129 2015 ὑψόθεν
1151 1949 1490 2020 χαμαιπετὴς

379 2043 567 2093 πίπτει
593 2034 731 2105 πρὸς
761 2027 934 2101 οὖδας
958 2042 1180 2106 μυρίοις
1199 2034 1511 2107 οίμωγμασι

378 2120 669 2185 Πενθεύς·
698 2126 876 2176 κακοῦ
904 2120 1009 2191 γὰρ
1036 2119 1202 2192 ἐγγὺς
1228 2116 1308 2176 ὦν
1333 2121 1634 2192 ἐμάνθανε.

379 2206 570 2280 πρώτη
598 2206 660 2262 δὲ
681 2206 856 2277 μήτηρ
884 2198 1048 2276 ἧρξεν
1079 2210 1224 2277 ίερία
1251 2206 1433 2277 φόνου

376 2295 470 2349 καὶ
494 2297 822 2363 προσπίτνει
846 2311 960 2347 νιν·
987 2288 1019 2349 ὃ
1054 2291 1115 2347 δὲ
1143 2298 1344 2364 μίτραν
1369 2292 1540 2363 κόμης
1565 2289 1672 2349 ἄπο
1742 2308 1849 2349 1115

377 2384 635 2449 ἔρριψεν,
663 2374 734 2443 ὥς
758 2400 849 2432 νιν
878 2383 1197 2448 γνωρίσασα
1219 2376 1293 2449 μὴ
1320 2377 1510 2433 κτάνοι

374 2464 597 2534 τλήμων
614 2460 821 2534 Ἀγαύη
839 2506 852 2532 ,
881 2464 973 2518 καὶ
1001 2465 1149 2533 λέγει
1176 2468 1445 2534 παρηίδος

374 2549 600 2614 ψαύων·
628 2548 737 2620 ἐγώ
760 2572 870 2618 τοι,
902 2554 1071 2620 μῆτερ
1090 2593 1103 2617 ,
1132 2551 1243 2620 εἰμὶ
1270 2561 1398 2614 παῖς
1422 2549 1593 2604 σέθεν

374 2635 664 2704 Πενθεύς,
700 2631 765 2690 ὃν
793 2640 972 2699 ἔτεκες
997 2637 1058 2689 ἐν
1084 2635 1272 2706 δόμοις
1291 2632 1556 2705 Ἐχίονος·

377 2727 616 2790 οἴκτειρε
642 2724 675 2774 δ
683 2716 695 2737 ’
728 2712 771 2775 ὦ
795 2722 963 2791 μῆτέρ
989 2743 1055 2790 με
1079 2720 1218 2791 μηδὲ
1243 2733 1360 2785 ταῖς
1384 2722 1538 2791 ἐμαῖς
1740 2731 1862 2801 112οὶ

376 2802 694 2876 ἁμαρτίαισι
719 2810 892 2860 παῖδα
916 2803 1018 2860 σὸν
1050 2806 1407 2878 κατακτάνῃς.

377 2883 412 2955 ἣ
435 2888 486 2946 δ’
517 2888 704 2960 ἄφρον
730 2893 932 2957 ἐξιεῖσα
954 2892 1047 2946 καὶ
1073 2890 1452 2962 διαστρόφους
