2022 3126
211 79 275 130 32

209 405 317 454 ΘΕ.

211 576 320 625 ΗΡ.

865 87 1016 131 ΑΛΚ
1023 84 1240 131 ΗΣΤΙΣ

398 232 576 284 κακοῦ
603 224 874 281 τοσούτου
907 224 1157 296 δώμασιν
1184 227 1604 298 προσκειμένου.

396 318 506 370 ποῦ
532 317 631 368 καί
650 327 758 381 σφε
783 308 1015 374 θάπτει;
1043 315 1153 364 ποῦ
1180 333 1270 365 νιν
1296 308 1514 383 εὑρήσω
1539 309 1757 382 μολωνς

391 396 575 469 ὀρθὴν
599 393 720 466 παρ’
750 393 927 464 οἷμον,
954 390 990 464 ἢ
1009 391 1092 449 ’πὶ
1114 393 1370 467 Λάρισαν
1399 397 1580 468 φέρει,
1795 412 1877 454 835

398 483 611 554 τύμβον
637 479 866 544 κατόψει
891 477 1084 544 ξεστὸν
1113 482 1171 534 ἐκ
1196 487 1514 550 προαστίου.

401 562 444 623 ὦ
470 564 647 623 πολλὰ
673 570 842 619 τλᾶσα
869 567 1070 632 καρδία
1099 565 1193 618 καὶ
1219 566 1337 637 χεὶρ
1364 566 1482 636 ἐμή,

402 659 506 708 νῦν
531 653 714 716 δεῖξον
739 645 859 704 οἷον
884 647 1056 704 παῖδά
1081 645 1133 703 σ’
1164 646 1197 720 ἡ
1231 656 1510 720 Τιρυνθία

389 732 788 807 Ἠλεκτρυόνος
812 731 1039 805 ἐγει’νατ’
1063 730 1336 806 Ἀλκμήνη
1359 741 1475 791 Διί.

395 828 484 878 δεῖ
504 822 607 893 γάρ
633 843 699 892 με
725 825 899 875 σῶσαι
931 818 1033 890 τὴν
1058 826 1351 875 θανοῦσαν
1377 819 1578 891 ἀρτίως
1793 831 1878 875 840

400 921 637 978 γυναῖκα
662 911 775 970 κείς
801 902 954 960 τόνδ’
984 897 1153 969 αὖθις
1180 909 1404 976 ἱδρῦσαι
1430 905 1603 976 δόμον

377 993 704 1064 ’Ἀλκήστιν,
724 989 972 1064 Ἀδμήτῳ
1001 986 1052 1045 θ’
1081 987 1436 1062 ὑπουργῆσαι
1460 992 1638 1062 χάριν.

395 1077 581 1135 ἐλθὼν
607 1075 661 1132 δ’
692 1074 901 1132 ἄνακτα
926 1073 1024 1130 τὸν
1049 1076 1443 1147 μελαμπεπλον
1468 1082 1687 1148 νεκρῶν

397 1164 650 1219 Θάνατον
681 1161 934 1233 φυλάξω,
963 1167 1062 1216 καί
1080 1185 1171 1216 νιν
1201 1159 1459 1234 εὑρήσειν
1485 1167 1633 1218 δοκῶ

395 1256 627 1305 πίνοντα
653 1248 868 1318 τύμβου
895 1253 1130 1317 πλησίον
1156 1247 1623 1319 προσφαγμάτων.
1792 1258 1876 1301 845

394 1332 605 1404 κᾶνπερ
630 1337 854 1403 λοχαιάς
888 1329 1060 1387 αὐτὸν
1087 1334 1138 1399 ἐξ
1164 1336 1328 1402 ἕδρας
1353 1334 1549 1398 συθεὶς

394 1420 619 1491 μάρψω,
648 1424 857 1473 κυκλον
882 1417 943 1472 δὲ
967 1424 1248 1489 περιβαλῶ
1274 1431 1459 1489 χεροῖν
1486 1421 1661 1489 ἐμαῖν,

394 1503 496 1560 οὐκ
524 1511 672 1560 ἔστιν
701 1499 848 1567 ὅστις
873 1500 1046 1558 αὐτὸν
1072 1504 1412 1574 ἐξαιρήσεται

394 1596 675 1662 μογοῦντα
702 1588 945 1659 πλευρά,
973 1590 1107 1659 πρὶν
1133 1587 1344 1659 γυναῖκ’
1375 1591 1494 1660 ἐμοὶ
1519 1594 1683 1661 μεθῇ.

395 1671 464 1746 ἢν
490 1673 540 1731 δ’
575 1667 678 1730 οὖν
703 1671 925 1745 ἁμάρτω
952 1671 1109 1744 τῆσδ’
1140 1671 1338 1745 ἄγρας,
1367 1676 1458 1729 καὶ
1484 1674 1556 1746 μὴ
1583 1673 1723 1748 μόλῃ
1791 1684 1875 1728 850

392 1758 530 1829 πρὸς
554 1758 860 1831 αἱματηρὸν
886 1760 1156 1829 πέλανον,
1192 1758 1300 1831 εἶμι
1325 1766 1437 1816 τῶν
1462 1760 1608 1815 κάτω

392 1846 579 1916 Κόρης
605 1843 839 1908 ἄνακτός
862 1840 901 1898 τ’
933 1849 1007 1908 εἰς
1032 1841 1296 1915 ἄνηλίους
1321 1845 1524 1916 δόμους

394 1931 691 2002 αἰτήσομαί
710 1953 766 1984 τε
784 1949 795 1958 ’
823 1929 916 1984 καὶ
944 1926 1159 1984 πέποιθ’
1191 1927 1340 1996 ἄξειν
1369 1927 1483 1985 ἅνω

372 2013 697 2087 ’Ἀλκήστιν,
726 2012 864 2070 ὥστε
887 2016 1077 2085 χερσὶν
1105 2018 1356 2070 ἐνθεῖναι
1383 2017 1562 2086 ξένου,

392 2098 451 2166 ὅς
474 2099 522 2172 μ’
553 2107 628 2166 είς
657 2100 862 2171 δόμους
889 2097 1084 2165 ἐδέξατ’
1114 2098 1239 2156 οὐδ’
1269 2098 1533 2171 ἀπήλασε,
1788 2112 1872 2157 855

395 2192 592 2256 καίπερ
625 2191 822 2259 βαρείᾳ
847 2191 1112 2259 συμφορᾷ
1136 2188 1534 2258 πεπληγμένος,

396 2278 631 2342 ἔκρυπτε
656 2269 709 2327 δ’
743 2267 821 2326 ὦν
846 2283 1100 2341 γενναῖος
1116 2315 1129 2341 ,
1157 2273 1437 2337 αἰδεσθεὶς
1461 2271 1570 2343 ἐμέ.

395 2364 476 2422 τίς
502 2361 668 2412 τοῦδε
693 2363 904 2427 μᾶλλον
931 2363 1228 2412 Θεσσαλῶν
1254 2354 1555 2428 φιλόξενος,

400 2448 474 2506 τίς
492 2439 706 2497 Ἑλλάδ’
739 2447 937 2506 οἰκῶνς
965 2441 1154 2512 τοιγὰρ
1181 2439 1283 2498 οὐκ
1310 2445 1427 2513 ἐρεῖ
1447 2440 1620 2496 κακὸν

398 2524 755 2598 εὐεργετῆσαι
784 2532 940 2598 φῶτα
965 2540 1219 2598 γενναῖος
1243 2527 1433 2599 γεγώς.
1789 2538 1873 2585 860

398 2611 476 2667 ἰώ.
529 2614 762 2683 στυγναὶ
786 2612 1081 2683 πρόσοδοι,
1109 2614 1341 2683 στυγναὲ
1371 2609 1421 2668 δ’
1451 2608 1606 2677 ὄφεις

395 2696 582 2769 χήρων
605 2696 931 2769 μελάθρων·
961 2697 1026 2752 ιἐό
1051 2704 1151 2768 μοί
1169 2720 1277 2768 μοι.
1305 2703 1435 2753 αἰαῖ.

403 2794 502 2838 ποῖ
526 2787 638 2853 βῶ;
665 2787 742 2856 πᾷ
766 2788 904 2848 στῶς
932 2788 989 2837 τί
1007 2784 1177 2854 λέγω;
1205 2789 1261 2838 τί
1280 2782 1341 2838 δὲ
1363 2783 1465 2853 μής

400 2872 511 2928 πῶς
539 2863 608 2923 ἂν
633 2865 892 2928 ὄλοίμαντ,
