<?xml version="1.0" encoding="UTF-8"?>
<!DOCTYPE html PUBLIC "-//W3C//DTD XHTML 1.0 Transitional//EN"
    "http://www.w3.org/TR/xhtml1/DTD/xhtml1-transitional.dtd">
<html xmlns="http://www.w3.org/1999/xhtml" xml:lang="en" lang="en">
 <head>
  <title>
</title>
<meta http-equiv="Content-Type" content="text/html;charset=utf-8" />
  <meta name='ocr-system' content='tesseract 3.04.00' />
  <meta name='ocr-capabilities' content='ocr_page ocr_carea ocr_par ocr_line ocrx_word'/>
</head>
<body>
  <div class='ocr_page' id='page_1' title='image "./euripidistragoe01euriuoft_0494.png"; bbox 0 0 2022 3126; ppageno 0'>
   <div class='ocr_carea' id='block_1_1' title="bbox 233 82 333 131">
    <p class='ocr_par' dir='ltr' id='par_1_1' title="bbox 233 82 333 131">
     <span class='ocr_line' id='line_1_1' title="bbox 233 82 333 131; baseline -0.01 0"><span class='ocrx_word' id='word_1_1' title='bbox 233 82 333 131; x_wconf 83' lang='lat'><em>394</em></span> 
     </span>
    </p>
   </div>
   <div class='ocr_carea' id='block_1_2' title="bbox 230 2013 325 2061">
    <p class='ocr_par' dir='ltr' id='par_1_2' title="bbox 230 2013 325 2061">
     <span class='ocr_line' id='line_1_2' title="bbox 230 2013 325 2061; baseline -0.011 0"><span class='ocrx_word' id='word_1_2' title='bbox 230 2013 325 2061; x_wconf 84' lang='lat' dir='ltr'><em>XO</em></span> 
     </span>
    </p>
   </div>
   <div class='ocr_carea' id='block_1_3' title="bbox 232 2268 330 2315">
    <p class='ocr_par' dir='ltr' id='par_1_3' title="bbox 232 2268 330 2315">
     <span class='ocr_line' id='line_1_3' title="bbox 232 2268 330 2315; baseline 0 0"><span class='ocrx_word' id='word_1_3' title='bbox 232 2268 330 2315; x_wconf 87' lang='grc' dir='ltr'><em>ΑΔ</em></span> 
     </span>
    </p>
   </div>
   <div class='ocr_carea' id='block_1_4' title="bbox 900 87 1238 132">
    <p class='ocr_par' dir='ltr' id='par_1_4' title="bbox 900 87 1238 132">
     <span class='ocr_line' id='line_1_4' title="bbox 900 87 1238 132; baseline -0.003 0"><span class='ocrx_word' id='word_1_4' title='bbox 900 87 1238 132; x_wconf 62' lang='grc' dir='ltr'><em>,ῙΚΕΤΙΔΕΣ</em></span> 
     </span>
    </p>
   </div>
   <div class='ocr_carea' id='block_1_5' title="bbox 408 223 1896 2926">
    <p class='ocr_par' dir='ltr' id='par_1_5' title="bbox 417 223 1890 633">
     <span class='ocr_line' id='line_1_5' title="bbox 419 223 1890 307; baseline 0.003 -30"><span class='ocrx_word' id='word_1_5' title='bbox 419 226 606 307; x_wconf 47' lang='grc' dir='ltr'><em>«ἔρρηξε</em></span> <span class='ocrx_word' id='word_1_6' title='bbox 633 223 680 279; x_wconf 85' lang='grc' dir='ltr'><em>δ’</em></span> <span class='ocrx_word' id='word_1_7' title='bbox 715 224 917 297; x_wconf 80' lang='grc' dir='ltr'><em>αὐδήν,</em></span> <span class='ocrx_word' id='word_1_8' title='bbox 950 225 1081 284; x_wconf 73' lang='grc' dir='ltr'><em>ὥσθ’</em></span> <span class='ocrx_word' id='word_1_9' title='bbox 1114 226 1393 300; x_wconf 78' lang='grc' dir='ltr'><em>ὑπηχῆσαι</em></span> <span class='ocrx_word' id='word_1_10' title='bbox 1423 227 1629 298; x_wconf 86' lang='grc' dir='ltr'><em>χθόνα·</em></span> <span class='ocrx_word' id='word_1_11' title='bbox 1808 237 1890 282; x_wconf 86' lang='grc'><em>710</em></span> 
     </span>
     <span class='ocr_line' id='line_1_6' title="bbox 417 307 1599 385; baseline 0.005 -25"><span class='ocrx_word' id='word_1_12' title='bbox 417 307 458 360; x_wconf 83' lang='grc' dir='ltr'><em>ὠ</em></span> <span class='ocrx_word' id='word_1_13' title='bbox 490 313 704 380; x_wconf 86' lang='grc' dir='ltr'><em>παῖδες,</em></span> <span class='ocrx_word' id='word_1_14' title='bbox 737 316 788 365; x_wconf 82' lang='grc' dir='ltr'><em>εἰ</em></span> <span class='ocrx_word' id='word_1_15' title='bbox 815 310 888 381; x_wconf 88' lang='grc' dir='ltr'><em>μὴ</em></span> <span class='ocrx_word' id='word_1_16' title='bbox 920 311 1144 383; x_wconf 80' lang='grc' dir='ltr'><em>σχήσετε</em></span> <span class='ocrx_word' id='word_1_17' title='bbox 1174 314 1405 385; x_wconf 83' lang='grc' dir='ltr'><em>στερρὸν</em></span> <span class='ocrx_word' id='word_1_18' title='bbox 1437 312 1599 384; x_wconf 89' lang='grc' dir='ltr'><em>δόρυ,</em></span> 
     </span>
     <span class='ocr_line' id='line_1_7' title="bbox 420 390 1739 467; baseline 0.005 -23"><span class='ocrx_word' id='word_1_19' title='bbox 420 394 682 463; x_wconf 78' lang='grc' dir='ltr'><em>σπαρτῶν</em></span> <span class='ocrx_word' id='word_1_20' title='bbox 712 390 805 448; x_wconf 75' lang='grc' dir='ltr'><em>ὑπ’</em></span> <span class='ocrx_word' id='word_1_21' title='bbox 839 394 1065 467; x_wconf 74' lang='grc' dir='ltr'><em>ἀνδρῶν</em></span> <span class='ocrx_word' id='word_1_22' title='bbox 1097 405 1302 466; x_wconf 82' lang='grc' dir='ltr'><em>οἴχεται</em></span> <span class='ocrx_word' id='word_1_23' title='bbox 1329 397 1398 452; x_wconf 81' lang='grc' dir='ltr'><em>τὰ</em></span> <span class='ocrx_word' id='word_1_24' title='bbox 1428 394 1739 460; x_wconf 76' lang='grc' dir='ltr'><em>Παλλάδος.</em></span> 
     </span>
     <span class='ocr_line' id='line_1_8' title="bbox 418 474 1806 553; baseline 0.004 -25"><span class='ocrx_word' id='word_1_25' title='bbox 418 474 631 545; x_wconf 77' lang='grc' dir='ltr'><em>θάρσος</em></span> <span class='ocrx_word' id='word_1_26' title='bbox 663 474 708 531; x_wconf 83' lang='grc' dir='ltr'><em>δ’</em></span> <span class='ocrx_word' id='word_1_27' title='bbox 745 479 951 548; x_wconf 79' lang='grc' dir='ltr'><em>ἐνῶρσε</em></span> <span class='ocrx_word' id='word_1_28' title='bbox 981 481 1148 535; x_wconf 87' lang='grc' dir='ltr'><em>παντὶ</em></span> <span class='ocrx_word' id='word_1_29' title='bbox 1181 482 1545 551; x_wconf 78' lang='grc' dir='ltr'><em>Κεκροπιδῶν</em></span> <span class='ocrx_word' id='word_1_30' title='bbox 1577 480 1806 553; x_wconf 75' lang='grc' dir='ltr'><em>στρατῷ.</em></span> 
     </span>
     <span class='ocr_line' id='line_1_9' title="bbox 421 558 1578 633; baseline 0 -17"><span class='ocrx_word' id='word_1_31' title='bbox 421 559 586 627; x_wconf 79' lang='grc' dir='ltr'><em>αὐτός</em></span> <span class='ocrx_word' id='word_1_32' title='bbox 610 558 672 616; x_wconf 81' lang='grc' dir='ltr'><em>θ’</em></span> <span class='ocrx_word' id='word_1_33' title='bbox 700 558 938 632; x_wconf 82' lang='grc' dir='ltr'><em>ὅπλισμα</em></span> <span class='ocrx_word' id='word_1_34' title='bbox 961 559 1364 632; x_wconf 78' lang='grc' dir='ltr'><em>τούπιδαύριον</em></span> <span class='ocrx_word' id='word_1_35' title='bbox 1388 559 1578 633; x_wconf 73' lang='grc' dir='ltr'><em>λαβὼν</em></span> 
     </span>
    </p>

    <p class='ocr_par' dir='ltr' id='par_1_6' title="bbox 422 646 1892 803">
     <span class='ocr_line' id='line_1_10' title="bbox 422 646 1892 717; baseline 0.002 -16"><span class='ocrx_word' id='word_1_36' title='bbox 422 651 454 701; x_wconf 91' lang='grc' dir='ltr'><em>δ</em></span> <span class='ocrx_word' id='word_1_37' title='bbox 460 653 607 717; x_wconf 86' lang='grc' dir='ltr'><em>εινῆς</em></span> <span class='ocrx_word' id='word_1_38' title='bbox 630 646 870 717; x_wconf 80' lang='grc' dir='ltr'><em>κορύνης</em></span> <span class='ocrx_word' id='word_1_39' title='bbox 896 647 1181 717; x_wconf 76' lang='grc' dir='ltr'><em>διαφέρων</em></span> <span class='ocrx_word' id='word_1_40' title='bbox 1206 646 1533 717; x_wconf 80' lang='grc' dir='ltr'><em>ἐσφενδόνα,</em></span> <span class='ocrx_word' id='word_1_41' title='bbox 1812 661 1892 706; x_wconf 80' lang='lat'><em>715</em></span> 
     </span>
     <span class='ocr_line' id='line_1_11' title="bbox 422 728 1472 803; baseline -0.001 -17"><span class='ocrx_word' id='word_1_42' title='bbox 422 728 562 802; x_wconf 84' lang='grc' dir='ltr'><em>ὁμοῦ</em></span> <span class='ocrx_word' id='word_1_43' title='bbox 588 731 889 802; x_wconf 79' lang='grc' dir='ltr'><em>τραχήλους</em></span> <span class='ocrx_word' id='word_1_44' title='bbox 915 728 1307 802; x_wconf 79' lang='grc' dir='ltr'><em>κάπικείμενον</em></span> <span class='ocrx_word' id='word_1_45' title='bbox 1330 730 1472 803; x_wconf 79' lang='grc' dir='ltr'><em>κάρα</em></span> 
     </span>
    </p>

    <p class='ocr_par' dir='ltr' id='par_1_7' title="bbox 419 814 1516 890">
     <span class='ocr_line' id='line_1_12' title="bbox 419 814 1516 890; baseline -0.002 -19"><span class='ocrx_word' id='word_1_46' title='bbox 419 818 620 880; x_wconf 83' lang='grc' dir='ltr'><em>κυνέας</em></span> <span class='ocrx_word' id='word_1_47' title='bbox 643 822 883 888; x_wconf 80' lang='grc' dir='ltr'><em>θερίζων</em></span> <span class='ocrx_word' id='word_1_48' title='bbox 911 814 1329 883; x_wconf 78' lang='grc' dir='ltr'><em>κάποκαυλίζων</em></span> <span class='ocrx_word' id='word_1_49' title='bbox 1353 815 1516 890; x_wconf 78' lang='grc' dir='ltr'><em>ξύλῳ.</em></span> 
     </span>
    </p>

    <p class='ocr_par' dir='ltr' id='par_1_8' title="bbox 420 899 1552 1002">
     <span class='ocr_line' id='line_1_13' title="bbox 420 899 1552 1002; baseline -0.001 -46"><span class='ocrx_word' id='word_1_50' title='bbox 420 901 573 1002; x_wconf 79' lang='grc' dir='ltr'><em>μόλις</em></span> <span class='ocrx_word' id='word_1_51' title='bbox 598 903 664 956; x_wconf 92' lang='grc' dir='ltr'><em>δέ</em></span> <span class='ocrx_word' id='word_1_52' title='bbox 683 923 798 966; x_wconf 92' lang='grc' dir='ltr'><em>πως</em></span> <span class='ocrx_word' id='word_1_53' title='bbox 822 907 1049 971; x_wconf 82' lang='grc' dir='ltr'><em>ἔτρεψεν</em></span> <span class='ocrx_word' id='word_1_54' title='bbox 1077 907 1152 967; x_wconf 82' lang='grc' dir='ltr'><em>εἰς</em></span> <span class='ocrx_word' id='word_1_55' title='bbox 1176 899 1367 973; x_wconf 80' lang='grc' dir='ltr'><em>φυγὴν</em></span> <span class='ocrx_word' id='word_1_56' title='bbox 1393 901 1552 957; x_wconf 90' lang='grc' dir='ltr'><em>πόδα.</em></span> 
     </span>
    </p>

    <p class='ocr_par' dir='ltr' id='par_1_9' title="bbox 421 983 1410 1058">
     <span class='ocr_line' id='line_1_14' title="bbox 421 983 1410 1058; baseline -0.001 -17"><span class='ocrx_word' id='word_1_57' title='bbox 421 985 526 1057; x_wconf 76' lang='grc' dir='ltr'><em>ἐγώ</em></span> <span class='ocrx_word' id='word_1_58' title='bbox 552 983 605 1041; x_wconf 84' lang='grc' dir='ltr'><em>δ’</em></span> <span class='ocrx_word' id='word_1_59' title='bbox 634 983 944 1057; x_wconf 83' lang='grc' dir='ltr'><em>ανηλαλαξα</em></span> <span class='ocrx_word' id='word_1_60' title='bbox 970 1004 1410 1058; x_wconf 86' lang='grc' dir='ltr'><em>κανωρχησαμην</em></span> 
     </span>
    </p>

    <p class='ocr_par' dir='ltr' id='par_1_10' title="bbox 419 1069 1896 1226">
     <span class='ocr_line' id='line_1_15' title="bbox 420 1069 1896 1142; baseline -0.001 -16"><span class='ocrx_word' id='word_1_61' title='bbox 420 1090 705 1142; x_wconf 85' lang='grc' dir='ltr'><em>κακρουσα</em></span> <span class='ocrx_word' id='word_1_62' title='bbox 729 1095 785 1142; x_wconf 71' lang='grc' dir='ltr'><em>χε</em></span> <span class='ocrx_word' id='word_1_63' title='bbox 770 1085 929 1141; x_wconf 86' lang='grc' dir='ltr'><em>ῖρας.</em></span> <span class='ocrx_word' id='word_1_64' title='bbox 990 1079 1046 1128; x_wconf 80' lang='grc' dir='ltr'><em>οἳ</em></span> <span class='ocrx_word' id='word_1_65' title='bbox 1068 1069 1120 1126; x_wconf 88' lang='grc' dir='ltr'><em>δ’</em></span> <span class='ocrx_word' id='word_1_66' title='bbox 1150 1077 1360 1127; x_wconf 78' lang='grc' dir='ltr'><em>ἔτεινον</em></span> <span class='ocrx_word' id='word_1_67' title='bbox 1386 1076 1462 1136; x_wconf 82' lang='grc' dir='ltr'><em>εἰς</em></span> <span class='ocrx_word' id='word_1_68' title='bbox 1488 1071 1678 1137; x_wconf 83' lang='grc' dir='ltr'><em>πύλας.</em></span> <span class='ocrx_word' id='word_1_69' title='bbox 1812 1082 1896 1128; x_wconf 84' lang='lat'><em>720</em></span> 
     </span>
     <span class='ocr_line' id='line_1_16' title="bbox 419 1148 1440 1226; baseline -0.001 -15"><span class='ocrx_word' id='word_1_70' title='bbox 419 1155 522 1226; x_wconf 88' lang='grc' dir='ltr'><em>βοὴ</em></span> <span class='ocrx_word' id='word_1_71' title='bbox 550 1156 610 1211; x_wconf 89' lang='grc' dir='ltr'><em>δε</em></span> <span class='ocrx_word' id='word_1_72' title='bbox 634 1157 726 1211; x_wconf 82' lang='grc' dir='ltr'><em>καὶ</em></span> <span class='ocrx_word' id='word_1_73' title='bbox 750 1154 996 1220; x_wconf 82' lang='grc' dir='ltr'><em>κωκυτὸς</em></span> <span class='ocrx_word' id='word_1_74' title='bbox 1019 1148 1090 1226; x_wconf 78' lang='grc' dir='ltr'><em>ἦν</em></span> <span class='ocrx_word' id='word_1_75' title='bbox 1117 1153 1222 1211; x_wconf 78' lang='grc' dir='ltr'><em>ἀνὰ</em></span> <span class='ocrx_word' id='word_1_76' title='bbox 1245 1155 1440 1211; x_wconf 86' lang='grc' dir='ltr'><em>πτόλιν</em></span> 
     </span>
    </p>

    <p class='ocr_par' dir='ltr' id='par_1_11' title="bbox 419 1238 1554 1312">
     <span class='ocr_line' id='line_1_17' title="bbox 419 1238 1554 1312; baseline 0 -17"><span class='ocrx_word' id='word_1_77' title='bbox 419 1243 563 1296; x_wconf 92' lang='grc' dir='ltr'><em>νέων</em></span> <span class='ocrx_word' id='word_1_78' title='bbox 589 1241 894 1312; x_wconf 74' lang='grc' dir='ltr'><em>γερόντων,</em></span> <span class='ocrx_word' id='word_1_79' title='bbox 924 1264 1043 1310; x_wconf 89' lang='grc' dir='ltr'><em>ιερα</em></span> <span class='ocrx_word' id='word_1_80' title='bbox 1067 1238 1116 1296; x_wconf 77' lang='grc' dir='ltr'><em>τ’</em></span> <span class='ocrx_word' id='word_1_81' title='bbox 1148 1244 1554 1312; x_wconf 81' lang='grc' dir='ltr'><em>ἐξεπίμπλασαν</em></span> 
     </span>
    </p>

    <p class='ocr_par' dir='ltr' id='par_1_12' title="bbox 423 1324 1554 1399">
     <span class='ocr_line' id='line_1_18' title="bbox 423 1324 1554 1399; baseline -0.001 -18"><span class='ocrx_word' id='word_1_82' title='bbox 423 1326 597 1399; x_wconf 77' lang='grc' dir='ltr'><em>φόβῳ.</em></span> <span class='ocrx_word' id='word_1_83' title='bbox 656 1324 835 1395; x_wconf 84' lang='grc' dir='ltr'><em>παρὸν</em></span> <span class='ocrx_word' id='word_1_84' title='bbox 860 1325 921 1380; x_wconf 71' lang='grc' dir='ltr'><em>δὲ</em></span> <span class='ocrx_word' id='word_1_85' title='bbox 944 1328 1168 1396; x_wconf 80' lang='grc' dir='ltr'><em>τειχέων</em></span> <span class='ocrx_word' id='word_1_86' title='bbox 1195 1334 1321 1381; x_wconf 80' lang='grc' dir='ltr'><em>εἴσω</em></span> <span class='ocrx_word' id='word_1_87' title='bbox 1347 1332 1554 1396; x_wconf 91' lang='grc' dir='ltr'><em>μολεῖν,</em></span> 
     </span>
    </p>

    <p class='ocr_par' dir='ltr' id='par_1_13' title="bbox 422 1408 1673 1482">
     <span class='ocr_line' id='line_1_19' title="bbox 422 1408 1673 1482; baseline 0 -17"><span class='ocrx_word' id='word_1_88' title='bbox 422 1409 635 1481; x_wconf 77' lang='grc' dir='ltr'><em>Θησεὺς</em></span> <span class='ocrx_word' id='word_1_89' title='bbox 660 1413 909 1480; x_wconf 84' lang='grc' dir='ltr'><em>ἐπέσχεν”</em></span> <span class='ocrx_word' id='word_1_90' title='bbox 939 1408 1006 1466; x_wconf 81' lang='grc' dir='ltr'><em>οὐ</em></span> <span class='ocrx_word' id='word_1_91' title='bbox 1032 1410 1136 1482; x_wconf 77' lang='grc' dir='ltr'><em>γὰρ</em></span> <span class='ocrx_word' id='word_1_92' title='bbox 1166 1409 1238 1476; x_wconf 74' lang='grc' dir='ltr'><em>ὡς</em></span> <span class='ocrx_word' id='word_1_93' title='bbox 1263 1412 1483 1481; x_wconf 79' lang='grc' dir='ltr'><em>πέρσων</em></span> <span class='ocrx_word' id='word_1_94' title='bbox 1511 1411 1673 1466; x_wconf 89' lang='grc' dir='ltr'><em>πόλιν</em></span> 
     </span>
    </p>

    <p class='ocr_par' dir='ltr' id='par_1_14' title="bbox 417 1493 1893 1653">
     <span class='ocr_line' id='line_1_20' title="bbox 418 1493 1893 1568; baseline 0.001 -18"><span class='ocrx_word' id='word_1_95' title='bbox 418 1503 608 1566; x_wconf 78' lang='grc' dir='ltr'><em>μολεῖν</em></span> <span class='ocrx_word' id='word_1_96' title='bbox 634 1503 903 1568; x_wconf 76' lang='grc' dir='ltr'><em>ἔφασκεν,</em></span> <span class='ocrx_word' id='word_1_97' title='bbox 933 1493 1056 1551; x_wconf 79' lang='grc' dir='ltr'><em>ἀλλ’</em></span> <span class='ocrx_word' id='word_1_98' title='bbox 1085 1494 1404 1567; x_wconf 79' lang='grc' dir='ltr'><em>ἀπαιτήσων</em></span> <span class='ocrx_word' id='word_1_99' title='bbox 1427 1495 1678 1566; x_wconf 85' lang='grc' dir='ltr'><em>νεκρούς.</em></span> <span class='ocrx_word' id='word_1_100' title='bbox 1812 1511 1893 1554; x_wconf 77' lang='lat'><em>725</em></span> 
     </span>
     <span class='ocr_line' id='line_1_21' title="bbox 417 1579 1598 1653; baseline 0.001 -18"><span class='ocrx_word' id='word_1_101' title='bbox 417 1581 631 1636; x_wconf 87' lang='grc' dir='ltr'><em>τοιόνδε</em></span> <span class='ocrx_word' id='word_1_102' title='bbox 656 1604 738 1636; x_wconf 89' lang='grc' dir='ltr'><em>τοι</em></span> <span class='ocrx_word' id='word_1_103' title='bbox 763 1579 1072 1653; x_wconf 79' lang='grc' dir='ltr'><em>στρατηγὸν</em></span> <span class='ocrx_word' id='word_1_104' title='bbox 1097 1586 1377 1652; x_wconf 79' lang='grc' dir='ltr'><em>αἱρεῖσθαι</em></span> <span class='ocrx_word' id='word_1_105' title='bbox 1402 1581 1598 1653; x_wconf 79' lang='grc' dir='ltr'><em>χρεων,</em></span> 
     </span>
    </p>

    <p class='ocr_par' dir='ltr' id='par_1_15' title="bbox 420 1663 1501 1737">
     <span class='ocr_line' id='line_1_22' title="bbox 420 1663 1501 1737; baseline 0.001 -17"><span class='ocrx_word' id='word_1_106' title='bbox 420 1663 477 1730; x_wconf 83' lang='grc' dir='ltr'><em>ὃς</em></span> <span class='ocrx_word' id='word_1_107' title='bbox 502 1672 562 1721; x_wconf 79' lang='grc' dir='ltr'><em>ἐν</em></span> <span class='ocrx_word' id='word_1_108' title='bbox 588 1689 644 1721; x_wconf 85' lang='grc' dir='ltr'><em>τε</em></span> <span class='ocrx_word' id='word_1_109' title='bbox 669 1679 779 1731; x_wconf 89' lang='grc' dir='ltr'><em>τοῖς</em></span> <span class='ocrx_word' id='word_1_110' title='bbox 804 1671 1074 1722; x_wconf 85' lang='grc' dir='ltr'><em>δεινοῖσίν</em></span> <span class='ocrx_word' id='word_1_111' title='bbox 1098 1670 1247 1723; x_wconf 87' lang='grc' dir='ltr'><em>ἐστιν</em></span> <span class='ocrx_word' id='word_1_112' title='bbox 1275 1663 1501 1737; x_wconf 71' lang='grc' dir='ltr'><em>ἄλκιμος</em></span> 
     </span>
    </p>

    <p class='ocr_par' dir='ltr' id='par_1_16' title="bbox 419 1748 1723 1823">
     <span class='ocr_line' id='line_1_23' title="bbox 419 1748 1723 1823; baseline 0 -17"><span class='ocrx_word' id='word_1_113' title='bbox 419 1765 571 1820; x_wconf 88' lang='grc' dir='ltr'><em>μισεῖ</em></span> <span class='ocrx_word' id='word_1_114' title='bbox 591 1749 655 1806; x_wconf 80' lang='grc' dir='ltr'><em>θ’</em></span> <span class='ocrx_word' id='word_1_115' title='bbox 684 1748 956 1823; x_wconf 81' lang='grc' dir='ltr'><em>υβριστὴν</em></span> <span class='ocrx_word' id='word_1_116' title='bbox 979 1752 1143 1822; x_wconf 86' lang='grc' dir='ltr'><em>λαόν,</em></span> <span class='ocrx_word' id='word_1_117' title='bbox 1171 1775 1230 1816; x_wconf 85' lang='grc' dir='ltr'><em>ος</em></span> <span class='ocrx_word' id='word_1_118' title='bbox 1255 1771 1518 1821; x_wconf 89' lang='grc' dir='ltr'><em>πρασσων</em></span> <span class='ocrx_word' id='word_1_119' title='bbox 1543 1757 1723 1817; x_wconf 81' lang='grc' dir='ltr'><em>καλῶς</em></span> 
     </span>
    </p>

    <p class='ocr_par' dir='ltr' id='par_1_17' title="bbox 421 1836 1419 1908">
     <span class='ocr_line' id='line_1_24' title="bbox 421 1836 1419 1908; baseline 0.001 -18"><span class='ocrx_word' id='word_1_120' title='bbox 421 1841 496 1901; x_wconf 81' lang='grc' dir='ltr'><em>εἰς</em></span> <span class='ocrx_word' id='word_1_121' title='bbox 520 1860 659 1907; x_wconf 86' lang='grc' dir='ltr'><em>ακρα</em></span> <span class='ocrx_word' id='word_1_122' title='bbox 686 1843 851 1908; x_wconf 87' lang='grc' dir='ltr'><em>βῆναι</em></span> <span class='ocrx_word' id='word_1_123' title='bbox 877 1836 1161 1908; x_wconf 88' lang='grc' dir='ltr'><em>κλιμακων</em></span> <span class='ocrx_word' id='word_1_124' title='bbox 1185 1837 1419 1907; x_wconf 85' lang='grc' dir='ltr'><em>ἐνήλατα</em></span> 
     </span>
    </p>

    <p class='ocr_par' dir='ltr' id='par_1_18' title="bbox 413 1919 1892 2077">
     <span class='ocr_line' id='line_1_25' title="bbox 418 1919 1892 2027; baseline 0.001 -51"><span class='ocrx_word' id='word_1_125' title='bbox 418 1927 591 1991; x_wconf 83' lang='grc' dir='ltr'><em>ζητων</em></span> <span class='ocrx_word' id='word_1_126' title='bbox 617 1919 855 1977; x_wconf 80' lang='grc' dir='ltr'><em>απωλεσ’</em></span> <span class='ocrx_word' id='word_1_127' title='bbox 883 1919 1099 1996; x_wconf 89' lang='grc' dir='ltr'><em>όλβον</em></span> <span class='ocrx_word' id='word_1_128' title='bbox 1081 1945 1122 1977; x_wconf 95' lang='grc' dir='ltr'><em>ω</em></span> <span class='ocrx_word' id='word_1_129' title='bbox 1147 1928 1390 1993; x_wconf 86' lang='grc' dir='ltr'><em>χρῆσθαι</em></span> <span class='ocrx_word' id='word_1_130' title='bbox 1414 1927 1611 2027; x_wconf 86' lang='grc' dir='ltr'><em>παρῆν.</em></span> <span class='ocrx_word' id='word_1_131' title='bbox 1808 1935 1892 1980; x_wconf 87' lang='grc'><em>730</em></span> 
     </span>
     <span class='ocr_line' id='line_1_26' title="bbox 413 2004 1537 2077; baseline 0.001 -18"><span class='ocrx_word' id='word_1_132' title='bbox 413 2011 521 2060; x_wconf 82' lang='grc' dir='ltr'><em>νῦν</em></span> <span class='ocrx_word' id='word_1_133' title='bbox 544 2004 697 2076; x_wconf 81' lang='grc' dir='ltr'><em>τήνδ’</em></span> <span class='ocrx_word' id='word_1_134' title='bbox 728 2004 965 2062; x_wconf 89' lang='grc' dir='ltr'><em>αελπτον</em></span> <span class='ocrx_word' id='word_1_135' title='bbox 988 2004 1197 2077; x_wconf 77' lang='grc' dir='ltr'><em>ἡμέραν</em></span> <span class='ocrx_word' id='word_1_136' title='bbox 1223 2004 1404 2062; x_wconf 81' lang='grc' dir='ltr'><em>ι’δοῦσ’</em></span> <span class='ocrx_word' id='word_1_137' title='bbox 1432 2005 1537 2077; x_wconf 79' lang='grc' dir='ltr'><em>ἐγω</em></span> 
     </span>
    </p>

    <p class='ocr_par' dir='ltr' id='par_1_19' title="bbox 416 2089 1539 2162">
     <span class='ocr_line' id='line_1_27' title="bbox 416 2089 1539 2162; baseline 0.001 -17"><span class='ocrx_word' id='word_1_138' title='bbox 416 2089 586 2155; x_wconf 75' lang='grc' dir='ltr'><em>θεοὺς</em></span> <span class='ocrx_word' id='word_1_139' title='bbox 611 2098 813 2162; x_wconf 84' lang='grc' dir='ltr'><em>νομίζω</em></span> <span class='ocrx_word' id='word_1_140' title='bbox 840 2093 932 2146; x_wconf 83' lang='grc' dir='ltr'><em>καὶ</em></span> <span class='ocrx_word' id='word_1_141' title='bbox 957 2096 1104 2147; x_wconf 76' lang='grc' dir='ltr'><em>δοκῶ</em></span> <span class='ocrx_word' id='word_1_142' title='bbox 1131 2098 1224 2162; x_wconf 84' lang='grc' dir='ltr'><em>τῆς</em></span> <span class='ocrx_word' id='word_1_143' title='bbox 1249 2097 1539 2162; x_wconf 82' lang='grc' dir='ltr'><em>συμφορᾶς</em></span> 
     </span>
    </p>

    <p class='ocr_par' dir='ltr' id='par_1_20' title="bbox 416 2177 1548 2247">
     <span class='ocr_line' id='line_1_28' title="bbox 416 2177 1548 2247; baseline 0 -17"><span class='ocrx_word' id='word_1_144' title='bbox 416 2181 560 2245; x_wconf 79' lang='grc' dir='ltr'><em>ἔχειν</em></span> <span class='ocrx_word' id='word_1_145' title='bbox 584 2181 844 2246; x_wconf 83' lang='grc' dir='ltr'><em>ἔλασσον,</em></span> <span class='ocrx_word' id='word_1_146' title='bbox 872 2181 1048 2232; x_wconf 76' lang='grc' dir='ltr'><em>τῶνδε</em></span> <span class='ocrx_word' id='word_1_147' title='bbox 1073 2177 1344 2231; x_wconf 79' lang='grc' dir='ltr'><em>τισάντων</em></span> <span class='ocrx_word' id='word_1_148' title='bbox 1368 2181 1548 2247; x_wconf 85' lang='grc' dir='ltr'><em>δίκην.</em></span> 
     </span>
    </p>

    <p class='ocr_par' dir='ltr' id='par_1_21' title="bbox 416 2253 1889 2505">
     <span class='ocr_line' id='line_1_29' title="bbox 416 2253 1673 2333; baseline 0.002 -18"><span class='ocrx_word' id='word_1_149' title='bbox 416 2253 459 2315; x_wconf 72' lang='grc' dir='ltr'><em>ὦ</em></span> <span class='ocrx_word' id='word_1_150' title='bbox 483 2267 620 2329; x_wconf 85' lang='grc' dir='ltr'><em>Ζεῦ,</em></span> <span class='ocrx_word' id='word_1_151' title='bbox 647 2267 703 2316; x_wconf 91' lang='grc' dir='ltr'><em>τί</em></span> <span class='ocrx_word' id='word_1_152' title='bbox 723 2266 859 2332; x_wconf 84' lang='grc' dir='ltr'><em>δῆτα</em></span> <span class='ocrx_word' id='word_1_153' title='bbox 883 2261 1012 2326; x_wconf 75' lang='grc' dir='ltr'><em>τοὺς</em></span> <span class='ocrx_word' id='word_1_154' title='bbox 1036 2261 1417 2333; x_wconf 80' lang='grc' dir='ltr'><em>ταλαιπώρους</em></span> <span class='ocrx_word' id='word_1_155' title='bbox 1439 2263 1673 2333; x_wconf 77' lang='grc' dir='ltr'><em>βροτοὺς</em></span> 
     </span>
     <span class='ocr_line' id='line_1_30' title="bbox 418 2344 1889 2418; baseline 0.003 -18"><span class='ocrx_word' id='word_1_156' title='bbox 418 2358 651 2416; x_wconf 82' lang='grc' dir='ltr'><em>φρονεῖν</em></span> <span class='ocrx_word' id='word_1_157' title='bbox 674 2349 928 2417; x_wconf 75' lang='grc' dir='ltr'><em>λέγουσι;</em></span> <span class='ocrx_word' id='word_1_158' title='bbox 955 2352 1057 2402; x_wconf 84' lang='grc' dir='ltr'><em>σοῦ</em></span> <span class='ocrx_word' id='word_1_159' title='bbox 1083 2344 1187 2416; x_wconf 74' lang='grc' dir='ltr'><em>γὰρ</em></span> <span class='ocrx_word' id='word_1_160' title='bbox 1214 2348 1554 2418; x_wconf 82' lang='grc' dir='ltr'><em>ἐξηρτήμεθα</em></span> <span class='ocrx_word' id='word_1_161' title='bbox 1807 2359 1889 2405; x_wconf 85' lang='grc'><em>735</em></span> 
     </span>
     <span class='ocr_line' id='line_1_31' title="bbox 421 2428 1690 2505; baseline 0.002 -20"><span class='ocrx_word' id='word_1_162' title='bbox 421 2432 640 2501; x_wconf 74' lang='grc' dir='ltr'><em>δρῶμέν</em></span> <span class='ocrx_word' id='word_1_163' title='bbox 665 2453 722 2486; x_wconf 91' lang='grc' dir='ltr'><em>τε</em></span> <span class='ocrx_word' id='word_1_164' title='bbox 746 2428 972 2486; x_wconf 81' lang='grc' dir='ltr'><em>τοιαῦθ’</em></span> <span class='ocrx_word' id='word_1_165' title='bbox 1001 2428 1070 2486; x_wconf 72' lang='grc' dir='ltr'><em>ἂν</em></span> <span class='ocrx_word' id='word_1_166' title='bbox 1094 2429 1164 2486; x_wconf 75' lang='grc' dir='ltr'><em>σὺ</em></span> <span class='ocrx_word' id='word_1_167' title='bbox 1191 2432 1463 2505; x_wconf 75' lang='grc' dir='ltr'><em>τυγχάνῃς</em></span> <span class='ocrx_word' id='word_1_168' title='bbox 1487 2433 1690 2487; x_wconf 87' lang='grc' dir='ltr'><em>θέλων.</em></span> 
     </span>
    </p>

    <p class='ocr_par' dir='ltr' id='par_1_22' title="bbox 416 2508 1621 2588">
     <span class='ocr_line' id='line_1_32' title="bbox 416 2508 1621 2588; baseline 0.001 -18"><span class='ocrx_word' id='word_1_169' title='bbox 416 2512 546 2585; x_wconf 82' lang='grc' dir='ltr'><em>ἡμῖν</em></span> <span class='ocrx_word' id='word_1_170' title='bbox 570 2514 675 2586; x_wconf 76' lang='grc' dir='ltr'><em>γὰρ</em></span> <span class='ocrx_word' id='word_1_171' title='bbox 703 2508 774 2586; x_wconf 82' lang='grc' dir='ltr'><em>ἦν</em></span> <span class='ocrx_word' id='word_1_172' title='bbox 797 2515 857 2572; x_wconf 88' lang='grc' dir='ltr'><em>τό</em></span> <span class='ocrx_word' id='word_1_173' title='bbox 882 2513 932 2571; x_wconf 81' lang='grc' dir='ltr'><em>τ’</em></span> <span class='ocrx_word' id='word_1_174' title='bbox 949 2514 1145 2588; x_wconf 74' lang='grc' dir='ltr'><em>’Ἀργος</em></span> <span class='ocrx_word' id='word_1_175' title='bbox 1170 2514 1271 2587; x_wconf 83' lang='grc' dir='ltr'><em>οὐχ</em></span> <span class='ocrx_word' id='word_1_176' title='bbox 1294 2513 1621 2586; x_wconf 81' lang='grc' dir='ltr'><em>ὑποστατόν,</em></span> 
     </span>
    </p>

    <p class='ocr_par' dir='ltr' id='par_1_23' title="bbox 417 2596 1479 2671">
     <span class='ocr_line' id='line_1_33' title="bbox 417 2596 1479 2671; baseline 0.003 -17"><span class='ocrx_word' id='word_1_177' title='bbox 417 2596 582 2655; x_wconf 79' lang='grc' dir='ltr'><em>αὐτοί</em></span> <span class='ocrx_word' id='word_1_178' title='bbox 606 2623 663 2655; x_wconf 89' lang='grc' dir='ltr'><em>τε</em></span> <span class='ocrx_word' id='word_1_179' title='bbox 687 2603 882 2656; x_wconf 82' lang='grc' dir='ltr'><em>πολλοὶ</em></span> <span class='ocrx_word' id='word_1_180' title='bbox 909 2603 1002 2655; x_wconf 84' lang='grc' dir='ltr'><em>καὶ</em></span> <span class='ocrx_word' id='word_1_181' title='bbox 1025 2603 1141 2656; x_wconf 91' lang='grc' dir='ltr'><em>νέοι</em></span> <span class='ocrx_word' id='word_1_182' title='bbox 1167 2606 1479 2671; x_wconf 85' lang='grc' dir='ltr'><em>βραχίοσιν·</em></span> 
     </span>
    </p>

    <p class='ocr_par' dir='ltr' id='par_1_24' title="bbox 408 2682 1499 2757">
     <span class='ocr_line' id='line_1_34' title="bbox 408 2682 1499 2757; baseline 0.003 -18.025"><span class='ocrx_word' id='word_1_183' title='bbox 408 2682 748 2750; x_wconf 84' lang='grc' dir='ltr'><em>Ἐτεοκλέους</em></span> <span class='ocrx_word' id='word_1_184' title='bbox 775 2686 835 2741; x_wconf 89' lang='grc' dir='ltr'><em>δε</em></span> <span class='ocrx_word' id='word_1_185' title='bbox 859 2686 1136 2757; x_wconf 87' lang='grc' dir='ltr'><em>σύμβασιν</em></span> <span class='ocrx_word' id='word_1_186' title='bbox 1160 2687 1499 2756; x_wconf 89' lang='grc' dir='ltr'><em>ποιουμένου</em></span> 
     </span>
    </p>

    <p class='ocr_par' dir='ltr' id='par_1_25' title="bbox 410 2768 1889 2926">
     <span class='ocr_line' id='line_1_35' title="bbox 413 2768 1889 2873; baseline 0.001 -50"><span class='ocrx_word' id='word_1_187' title='bbox 413 2771 602 2840; x_wconf 87' lang='grc' dir='ltr'><em>μέτρια</em></span> <span class='ocrx_word' id='word_1_188' title='bbox 625 2772 889 2835; x_wconf 85' lang='grc' dir='ltr'><em>θέλοντος</em></span> <span class='ocrx_word' id='word_1_189' title='bbox 914 2768 1017 2825; x_wconf 78' lang='grc' dir='ltr'><em>οὐκ</em></span> <span class='ocrx_word' id='word_1_190' title='bbox 1041 2771 1334 2870; x_wconf 78' lang='grc' dir='ltr'><em>ἐχρῄζομεν</em></span> <span class='ocrx_word' id='word_1_191' title='bbox 1359 2777 1567 2873; x_wconf 89' lang='grc' dir='ltr'><em>λαβεῖν,</em></span> <span class='ocrx_word' id='word_1_192' title='bbox 1806 2782 1889 2833; x_wconf 77' lang='lat'><em>749</em></span> 
     </span>
     <span class='ocr_line' id='line_1_36' title="bbox 410 2851 1717 2926; baseline 0.001 -18"><span class='ocrx_word' id='word_1_193' title='bbox 410 2851 623 2909; x_wconf 84' lang='grc' dir='ltr'><em>καπειτ’</em></span> <span class='ocrx_word' id='word_1_194' title='bbox 652 2852 1028 2924; x_wconf 50' lang='grc' dir='ltr'><em>απωλόμεσθῖ</em></span> <span class='ocrx_word' id='word_1_195' title='bbox 1089 2875 1118 2907; x_wconf 93' lang='grc' dir='ltr'><em>ο</em></span> <span class='ocrx_word' id='word_1_196' title='bbox 1146 2853 1198 2910; x_wconf 90' lang='grc' dir='ltr'><em>δ’</em></span> <span class='ocrx_word' id='word_1_197' title='bbox 1229 2879 1300 2910; x_wconf 92' lang='grc' dir='ltr'><em>αυ</em></span> <span class='ocrx_word' id='word_1_198' title='bbox 1326 2852 1438 2910; x_wconf 80' lang='grc' dir='ltr'><em>τότ’</em></span> <span class='ocrx_word' id='word_1_199' title='bbox 1470 2878 1717 2926; x_wconf 80' lang='grc' dir='ltr'><em>ευτυχης,</em></span> 
     </span>
    </p>
   </div>
  </div>
 </body>
</html>
