2022 3126
291 121 392 173 258

293 524 410 572 HA.

292 1202 400 1250 ΠΡ.

293 1371 408 1421 ΗΛ.

293 1712 401 1760 ΠΡ.

291 1965 408 2014 ΗΛ.

292 2473 401 2522 ΠΡ.

294 2641 410 2690 ΗΛ.

297 2726 403 2774 ΠΡ.

959 125 1286 171 ΗΛΕΚΤΡΑ

483 269 533 319 εἰ
554 269 746 335 χρῶμα
774 259 986 317 ταύτὸν
1016 268 1286 334 κουρίμης
1320 267 1469 318 ἔσται
1496 263 1706 334 τριχός·

483 355 637 419 φιλεῖ
657 348 789 419 γάρ,
817 345 948 420 αἷμα
973 346 1175 406 ταύτὸν
1201 345 1281 414 οἷς
1308 345 1377 404 ἂν
1402 341 1437 422 ᾗ
1461 349 1681 421 πατρός,

480 432 544 488 τὰ
568 430 723 488 πόλλ’
754 430 914 504 ὅμοια
938 433 1183 504 σώματος
1208 436 1534 505 πεφυκέναι.

481 516 583 573 οὐκ
610 514 713 583 ἄξι’
747 515 977 589 ἀνδρός,
1007 511 1049 573 ὦ
1074 520 1268 589 γέρον,
1293 524 1477 590 σοφοῦ
1501 520 1695 589 λέγεις,

483 608 532 658 εί
556 601 806 674 κρυπτὸν
833 609 908 668 εἰς
931 609 1037 674 γῆν
1060 600 1214 674 τήνδ’
1245 600 1313 658 ὅὶν
1336 609 1618 672 Αἰγίσθου
1642 603 1801 679 φόβῳ
1865 618 1944 661 525

480 692 659 752 δοκεῖς
683 684 930 759 ἀδελφὸν
955 686 1052 743 τὸν
1077 687 1209 758 ἐμὸν
1236 685 1485 759 εὐθαρσῆ
1510 695 1715 758 μολεῖν.

479 778 665 827 ἔπειτα
687 779 871 844 χαίτης
896 779 1010 837 πῶς
1034 779 1350 828 συνοίσεται
1374 772 1591 842 πλόκος,

480 854 508 912 ὃ
535 857 636 924 μὲν
660 864 1016 928 παλαίστραις
1041 854 1244 929 ἀνδρὸς
1271 855 1536 928 εὐγενοῦς
1564 863 1808 928 τραφείς,

479 941 508 997 ὃ
534 942 595 997 δὲ
619 956 928 1013 κτενισμοῖς
951 949 1160 1013 θῆλυςς
1190 939 1312 997 ἀλλ’
1343 940 1639 1013 ἀμήχανον.

477 1033 698 1091 πολλοῖς
724 1025 776 1081 δ’
807 1023 875 1082 ἂν
903 1025 1087 1099 εὕροις
1114 1027 1455 1098 βοστρύχους
1480 1024 1818 1097 ὁμοπτέρους
1866 1039 1948 1083 530

477 1113 569 1166 καὶ
594 1110 665 1182 μὴ
693 1119 931 1182 γεγῶσιν
955 1117 1177 1183 αἵματος
1201 1110 1436 1181 ταύτοῦ,
1463 1114 1644 1182 γέρον.

477 1195 547 1250 σὺ
574 1193 627 1250 δ’
658 1201 732 1259 εἰς
757 1205 906 1267 ἴχνος
930 1194 1055 1267 βᾶσ’
1086 1195 1329 1268 ἀρβύλης
1353 1199 1549 1262 σκέψαι
1576 1196 1757 1266 βάσιν,

480 1286 529 1335 εί
553 1280 862 1351 σύμμετρος
886 1286 966 1355 σῷ
991 1284 1122 1337 ποδὶ
1147 1282 1462 1353 γενήσεται,
1487 1283 1697 1336 τέκνον.

481 1371 595 1429 πῶς
620 1369 651 1420 δ
660 1362 673 1382 '
703 1361 772 1420 ἂν
795 1362 998 1436 γένοιτ’
1029 1361 1098 1421 ἂν
1123 1368 1182 1421 ἐν
1207 1368 1511 1439 κραταιλέῳ
1537 1368 1687 1438 πέδῳ

479 1456 636 1521 γαίας
660 1455 851 1505 ποδῶν
876 1456 1210 1522 ἔκμακτρον;
1240 1456 1289 1506 εἰ
1311 1455 1343 1505 δ
1351 1447 1363 1467 '
1394 1457 1543 1506 ἔστιν
1567 1449 1710 1519 τόδε,
1866 1463 1947 1507 535

481 1540 641 1592 δυοῖν
665 1532 933 1607 ἀδελφοῖν
957 1534 1096 1600 ποὺς
1127 1531 1195 1591 ἂν
1221 1532 1287 1591 οὐ
1315 1532 1518 1606 γένοιτ’
1549 1543 1663 1598 ἴσος

479 1618 679 1691 ἀνδρός
707 1644 764 1676 τε
792 1623 884 1676 καὶ
908 1621 1199 1692 γυναικός,
1225 1617 1345 1675 ἀλλ’
1375 1617 1550 1692 ἅρσην
1574 1633 1777 1690 κρατεῖ.

483 1702 586 1759 οὐκ
613 1711 790 1775 ἔστιν,
820 1712 870 1761 εί
890 1708 981 1761 καὶ
1006 1712 1111 1777 γῆν
1134 1711 1461 1776 κασίγνητος
1486 1704 1671 1776 μόλοι,

478 1794 731 1860 κερκίδος
755 1787 861 1865 ὅτῳ
887 1796 1075 1862 γνοίης
1107 1786 1175 1845 ἂν
1207 1791 1491 1862 ἐξύφασμα
1514 1797 1628 1860 σῆς,

481 1878 540 1929 ἐν
571 1867 614 1949 ᾦ
639 1872 761 1930 ποτ’
793 1873 964 1931 αὐτὸν
992 1877 1252 1941 ἐξέκλεψα
1275 1873 1347 1946 μὴ
1373 1884 1601 1940 ’θανεῖνς
1866 1885 1949 1927 540

481 1956 583 2014 οὐκ
610 1957 781 2030 οἶσθ’,
804 1957 1057 2031 Ὀρέστης
1084 1957 1232 2030 ἡνίκ’
1261 1963 1510 2015 ἐκπίπτει
1536 1958 1757 2029 χθονός,

479 2045 612 2098 νέαν
637 2040 693 2113 μ’
727 2041 802 2098 ἐτ’
835 2037 1038 2111 οὖσανς
1069 2050 1119 2099 εί
1139 2044 1200 2100 δὲ
1224 2041 1495 2114 κᾶκρεκον
1519 2045 1777 2112 πέπλους,

481 2134 595 2192 πῶς
620 2124 688 2183 ἂν
713 2125 826 2184 τότ’
858 2125 937 2184 ὢν
972 2142 1097 2193 παῖς
1120 2126 1294 2185 ταύτά
1327 2134 1436 2184 νῦν
1468 2135 1579 2200 ἔχοι
1609 2128 1792 2201 φάρη,

481 2218 531 2267 εί
554 2211 626 2283 μὴ
652 2210 1013 2280 ξυναύξοινθ’
1043 2217 1099 2268 οἱ
1119 2215 1313 2268 πέπλοι
1338 2219 1411 2287 τῷ
1437 2213 1674 2284 σώματι;

479 2295 602 2351 ἀλλ’
631 2294 664 2368 ἥ
691 2322 770 2363 τις
796 2296 970 2353 αὐτοῦ
995 2298 1172 2368 τάφον
1197 2301 1537 2369 ἐποικτείρας
1561 2299 1712 2364 ξένος
1863 2311 1947 2351 545

481 2380 737 2453 ἐκείρατ’,
764 2379 798 2454 ἢ
821 2387 986 2454 τῆσδε
1010 2380 1252 2448 σκοποὺς
1275 2381 1469 2438 λαθών
1494 2381 1713 2453 χθονός.

480 2471 536 2521 οἱ
557 2467 615 2522 δὲ
634 2469 778 2533 ξένοι
804 2474 940 2534 ποῦς
966 2468 1234 2538 βούλομαι
1259 2466 1362 2539 γὰρ
1391 2465 1612 2523 εἰσιδών

481 2548 684 2616 αὐτοὺς
709 2555 933 2623 ἐρέσθαι
959 2558 1060 2607 σοῦ
1086 2549 1421 2623 κασιγνήτου
1447 2555 1587 2621 πέρι.

480 2632 585 2690 οἵδ’
617 2638 674 2690 ἐκ
701 2637 887 2707 δόμων
909 2643 1165 2707 βαίνουσι
1190 2642 1440 2711 λαιψηρῷ
1466 2641 1610 2692 ποδί.

482 2717 602 2774 ἀλλ’
635 2718 880 2791 εὐγενεῖς
903 2723 1030 2792 μέν,
1057 2725 1116 2776 ἐν
1142 2722 1201 2776 δὲ
1225 2721 1466 2795 κιβδήλῳ
1491 2721 1640 2776 τόδε·
1864 2731 1947 2772 550

483 2807 677 2860 πολλοὶ
704 2803 807 2875 γὰρ
836 2802 990 2870 ὄντες
1020 2802 1264 2876 εὐγενεῖς
1290 2811 1429 2861 εἰσιν
1453 2810 1630 2860 κακοί.

483 2884 626 2958 ὅμως
655 2889 715 2944 δὲ
737 2897 950 2962 χαίρειν
973 2888 1100 2954 τοὺς
1125 2892 1316 2956 ξένους
1339 2890 1712 2959 προσεννέπω.
