2022 3126
218 73 285 123 76

223 222 329 272 ΟΡ.

220 307 324 356 ΕΡ.

800 76 1262 124 ΑΝΔΡΟΜΑΧΗ

408 221 647 286 συνῆκα·
682 222 902 286 ταρβεῖς
925 229 1038 280 τοῖς
1063 219 1422 288 δεδραμένοις
1446 218 1627 273 πόσιν.

410 305 607 371 ἔγνως·
636 297 756 355 ὀλεῖ
776 301 880 371 γάρ
905 297 964 371 μ’
993 304 1242 367 ἐνδίκως.
1268 309 1327 357 τί
1346 307 1435 358 δεῖ
1455 305 1665 374 λέγειν;

411 382 532 440 ἀλλ’
562 382 801 456 ἅντομαί
817 403 879 440 σε
906 392 1018 440 Διά
1042 384 1275 442 καλοῦσ’
1312 385 1594 459 ὁμόγνιον,

409 472 626 540 πέμψον
648 493 714 540 με
738 470 917 542 χώρας
942 468 1098 541 τῆσδ’
1131 468 1257 526 ὅποι
1281 473 1616 543 προσωτάτω

407 550 442 624 ἦ
466 553 602 626 πρὸς
627 561 885 630 πατρῷον
909 558 1219 626 μέλαθρον·
1248 553 1319 620 ὡς
1343 562 1579 613 δοκοῦσί
1607 581 1665 612 τε

410 640 569 709 δόμοι
595 638 647 710 γ’
679 640 937 695 ἐλαύνειν
963 637 1174 710 φθέγμ’
1204 646 1418 711 ἔχοντες
1443 647 1560 698 οἵδε
1585 665 1668 713 με,

404 737 556 795 μισεῖ
576 747 632 779 τε
659 738 787 796 γαῖα
813 725 1021 790 Φθιάς·
1063 731 1113 780 εἰ
1135 730 1168 780 δ
1176 723 1187 743 ’
1216 723 1331 797 ἥξει
1361 727 1532 798 πάρος

408 815 619 879 Φοίβου
644 808 825 864 λιπων
847 823 1109 880 μαντεῖον
1139 816 1214 874 εἰς
1240 811 1444 882 δόμους
1468 812 1642 911 πόσις,

407 907 593 949 κτενεῖ
611 892 669 965 μ’
699 892 785 950 ἐπ’
815 901 1200 966 αἰσχίστοισιν,
1227 892 1262 966 ἢ
1291 897 1669 968 δουλεύσομεν

407 979 628 1034 νόθοισι
652 982 900 1049 λέκτροις
925 981 1004 1035 ὠν
1028 983 1321 1048 εδέσποζον
1347 980 1453 1052 πρὸ
1480 988 1594 1037 τοῦ.

408 1087 522 1129 πως
547 1057 652 1119 οὖν
677 1062 829 1119 τάδ’.
819 1089 932 1134 ως
959 1073 1102 1120 είποι
1127 1089 1233 1135 τις,
1263 1064 1656 1137 εξημαρτανες;

407 1155 596 1205 κακῶν
621 1156 906 1220 γυναικῶν
935 1155 1146 1205 εἴσοδοί
1165 1149 1221 1221 μ’
1251 1149 1561 1222 ἀπώλεσαν,

405 1239 466 1289 αἳ
483 1257 575 1305 μοι
599 1237 858 1305 λέγουσαι
884 1232 1075 1289 τούσδ’
1104 1235 1425 1306 έχαύνωσαν
1449 1237 1675 1308 λόγους·

407 1318 476 1374 σὺ
503 1317 604 1390 τὴν
627 1325 893 1390 κακίστην
917 1320 1261 1390 αἰχμάλωτον
1286 1324 1346 1376 ἐν
1370 1322 1560 1392 δόμοις

407 1404 617 1475 δούλην
642 1401 820 1471 ἀνέξει
848 1409 935 1460 σοὶ
970 1408 1161 1475 λέχους
1185 1409 1581 1477 κοινουμένην;

409 1487 482 1560 μὰ
506 1487 607 1559 τὴν
633 1486 907 1559 ἄνασσαν,
937 1486 1038 1544 οὐκ
1067 1486 1136 1544 ἂν
1161 1496 1221 1545 ἔν
1245 1487 1297 1560 γ’
1327 1494 1475 1561 ἐμοῖς
1501 1491 1690 1563 δόμοις

406 1572 669 1645 βλέπουσ’
703 1570 771 1630 ἂν
795 1572 970 1645 αὐγὰς
1003 1572 1128 1645 τᾶμ’
1161 1573 1459 1646 ἐκαρποῦτ’
1490 1573 1559 1632 ἂν
1583 1580 1726 1649 λέχη.

404 1657 555 1730 κᾶγω
583 1659 829 1715 κλύουσα
854 1659 1053 1715 τούσδε
1076 1661 1368 1731 Σειρήνων
1393 1661 1593 1732 λόγους

404 1764 595 1814 σοφων
620 1766 956 1816 πανουργων
981 1750 1251 1800 ποικίλων
1280 1744 1623 1818 λαληματων,

404 1829 762 1928 ἐξηνεμωθην
785 1836 983 1902 μωρία.
1012 1836 1069 1885 τί
1092 1853 1231 1900 γαρ
1224 1855 1261 1885 ιι
1311 1834 1476 1903 εχρῆν

405 1915 569 1970 πόσιν
596 1914 930 1984 φυλασσειν,
958 1916 992 1986 ᾐ
1018 1921 1200 1986 παρῆν
1224 1912 1371 1970 ὅσων
1396 1921 1536 1980 ε’δεις

405 1998 577 2064 πολὺς
601 2022 702 2070 μεν
726 1997 914 2071 όλβος,
947 2000 1216 2071 δωματων
1242 1997 1293 2055 δ’
1321 1997 1649 2072 ηνάσσομεν,

405 2089 604 2149 παῖδας
630 2089 663 2138 δ
671 2082 682 2101 ’
713 2084 818 2154 ἐγώ
848 2085 949 2156 μὲν
973 2091 1237 2191 γνησίους
1268 2091 1478 2141 ἔτικτον
1502 2084 1588 2156 ἄν,

393 2164 432 2237 ἢ
462 2167 513 2225 δ’
544 2166 881 2271 ἡμιδοτξλους
906 2183 1019 2235 τοῖς
1047 2174 1195 2271 ἐμοῖς
1222 2179 1562 2242 νοθαγενεῖς.

404 2251 524 2308 αλλ’
556 2251 752 2309 οὔποτ’
782 2253 975 2310 οὔποτ’
984 2253 1091 2325 ,οὐ
1116 2279 1221 2326 γαρ
1249 2256 1523 2322 είσάπαξ’
1498 2279 1622 2326 ερω,

402 2338 504 2409 χρὴ
531 2339 661 2403 τούς
685 2362 747 2410 γε
770 2345 910 2395 νοῦν
946 2347 1168 2411 ἔχοντας
1204 2336 1284 2405 οἷς
1320 2346 1471 2396 ἔστιν
1505 2340 1665 2411 γυνή,

403 2422 540 2493 πρὸς
568 2422 669 2494 τὴν
696 2427 756 2479 έν
786 2433 958 2490 οἴκοις
985 2423 1185 2496 αλοχον
1212 2431 1497 2493 εισφοιτᾶν
1523 2429 1620 2480 ἐᾶν

403 2521 671 2578 γυναῖκας
687 2527 698 2536 ·
727 2501 891 2565 αὗται
915 2509 1019 2582 γὰρ
1047 2511 1369 2566 διδάσκαλοι
1393 2516 1607 2566 κακῶν·

399 2584 434 2663 ἢ
459 2595 560 2663 μέν
590 2617 640 2647 τι
666 2599 1038 2664 κερδαίνουσα
1062 2601 1404 2666 συμφθείρει
1429 2597 1598 2666 λέχος,

398 2675 434 2746 ἣ
462 2682 495 2733 δ
505 2674 516 2694 ’
548 2675 913 2748 ἄμπλακοῦσα
937 2693 1235 2735 συννοσεῖν
1263 2679 1403 2752 αὐτῇ
1428 2682 1600 2750 θέλει,

404 2764 603 2817 πολλαὶ
630 2763 691 2817 δὲ
714 2764 1039 2835 μαργότητι·
1069 2762 1383 2820 κάντεῦθεν
1408 2765 1568 2835 δόμοι

404 2852 665 2902 νοσοῦσιν
691 2844 931 2916 ἀνδρῶν.
960 2847 1096 2916 πρὸς
1123 2847 1244 2904 τάδ’
1276 2841 1341 2904 εὖ
1366 2849 1676 2915 φυλάσσετε

1794 318 1880 360 920

1797 743 1880 785 925

1795 1167 1879 1210 930

1795 1592 1878 1636 935

1792 2014 1877 2057 940

1793 2439 1874 2481 945

1790 2863 1875 2904 950
