2022 3126
195 1642 316 1690 ΠΗ.

199 2414 308 2462 ΧΟ.

794 107 1255 154 ΑΝΔΡΟΜΑΧΗ

379 241 575 324 καίπερ
596 236 872 320 πεσούσης
891 236 1182 301 Παλλάδος
1203 244 1505 325 προθυμίᾳ.

378 308 443 360 σὲ
469 304 522 361 δ’
529 318 644 393 ,ως
661 302 733 359 οὶν
755 310 903 391 είδῆς
923 313 1018 376 τῆς
1038 311 1168 376 ἐμῆς
1191 306 1358 377 εὐνῆς
1378 307 1560 380 χάριν,

382 399 570 431 κακων
590 374 942 441 ἀπαλλάξασα
963 383 1075 431 τῶν
1097 383 1408 463 βροτησίων

381 445 670 532 ἀθάνατον
689 443 939 515 ἅφθιτόν
961 468 1019 500 τε
1022 446 1252 531 ποιήσω
1272 447 1428 503 θεόν.

383 514 616 571 κᾶπειτα
636 519 867 584 Νηρέως
888 519 950 570 ἐν
967 515 1207 586 δόμοις’
1179 523 1317 601 εμοῦ
1339 518 1472 587 μέτα

359 586 439 640 -τὸ
463 585 660 640 λοιπὸν
681 585 751 655 ηδ
754 608 786 654 η
806 585 941 650 θεὸς
962 584 1311 655 συνοικήσεις
1328 592 1463 658 θεᾷ

385 660 553 712 ἔνθεν
572 661 808 725 κομίζων
828 654 998 725 ξηρὸν
1019 659 1078 709 ἐκ
1101 657 1314 711 πόντου
1339 644 1484 714 πόὸα

383 725 482 780 τὸν
505 731 769 810 φίλτατον
787 727 875 779 σοὶ
898 725 1050 780 παῖδ’
1075 729 1199 795 ἐμοί
1214 724 1255 780 τ’
1274 724 1517 795 Ἀχιλλέα

382 793 508 860 ὄψει
528 795 741 884 δόμους
756 801 983 850 ναίοντα
1003 796 1372 883 νησιωτικοὺς

383 866 608 954 Λευκὴν
627 864 741 921 κατ’
772 863 945 935 ἀκτὴν
960 864 1116 930 ἐντὸς
1134 864 1408 932 Εὐξείνου
1428 867 1625 937 πόρου.

382 934 494 990 ἀλλ
518 937 653 1004 ἕρπε
671 941 916 1005 Δελφων
935 940 1012 1000 εἰς
1031 935 1347 1007 θεόδμητον
1374 939 1539 993 πόλιν

384 1005 590 1091 νεκρὸν
610 1012 845 1076 κομίζων
866 1007 1055 1076 τόνδε,
1083 1009 1173 1061 καὶ
1193 1008 1410 1076 κρύψας
1428 1010 1593 1094 χθονὶ

386 1075 572 1131 ἐλθών
595 1082 828 1140 παλαιᾶς
846 1049 1104 1145 χοιράδος
1122 1084 1314 1165 κοῖλρν
1335 1076 1514 1164 μυχὸν

384 1147 672 1215 Σηπιαδος
690 1151 834 1212 ἱ’ζου’
873 1152 1036 1215 μίμνε
1055 1146 1110 1201 δ’
1118 1146 1256 1216 ,ἔστ’
1280 1145 1352 1201 ἂν
1372 1150 1425 1214 εξ
1447 1146 1580 1213 ἁλὸς

381 1221 630 1288 λαβοῦσα
651 1215 994 1303 πεντήκοντα
1013 1190 1296 1303 Νηρῄδων
1317 1216 1487 1287 χορὸν

385 1290 532 1342 ἔλθω
559 1286 827 1357 κομιστήν
842 1286 1071 1341 σου·τὸ
1090 1288 1196 1356 γὰρ
1220 1289 1588 1373 πεπρωμένον

381 1360 469 1410 δεῖ
485 1353 538 1410 6'
564 1358 895 1442 ἐκκομίζειν
935 1359 1072 1425 Ζηνὶ
1092 1357 1197 1426 γὰρ
1219 1361 1376 1412 δοκεῖ
1388 1357 1536 1412 τάδε.

380 1431 588 1481 παῦσαι
608 1426 670 1509 δε
691 1425 870 1513 λύπης
888 1448 1002 1479 των
1022 1427 1383 1512 τεθνηκότων
1401 1425 1574 1496 ύπερ·

381 1501 547 1550 πᾶσιν
568 1518 674 1565 γαρ
696 1494 1088 1565 ἄνθρωποισιν
1107 1496 1177 1566 ηδ
1183 1520 1206 1551 ε
1225 1497 1366 1585 πρὸς
1390 1503 1546 1553 θεῶν

379 1571 565 1654 ψῆφος
585 1569 879 1639 κέκρανται
903 1576 1207 1622 κατθανεῖν
1227 1567 1267 1621 τ’
1292 1565 1588 1637 ὀφείλεται.

387 1659 429 1691 ω
451 1635 646 1706 πότνι’,
671 1640 714 1691 ω’
733 1647 962 1706 γενναῖα
981 1638 1419 1727 6vyxocwjgwcva',

380 1710 615 1776 Νηρέως
634 1711 931 1776 γένεθλον,
953 1718 1129 1776 χαῖρε·
1160 1730 1332 1762 ταυτα
1354 1709 1407 1762 δ’
1432 1706 1594 1773 ἀξίως

379 1782 585 1861 σαυτῆς
604 1799 661 1831 τε
682 1789 857 1842 ποιεῖς
878 1780 967 1831 καὶ
989 1778 1201 1832 τέκνων
1221 1800 1333 1833 των
1354 1781 1414 1833 ἐκ
1433 1783 1620 1835 σέθεν.

381 1846 576 1900 παύσω
598 1846 659 1901 δε
678 1848 863 1917 λύπην
881 1852 990 1901 σοῦ
1008 1846 1375 1918 κελευούσης,
1397 1846 1522 1915 θεά,

385 1917 475 1970 καὶ
493 1915 656 1971 τόνδε
676 1918 864 1981 θάψας
886 1915 994 1986 εἶμι
1013 1923 1229 1986 Πηλίου
1245 1922 1471 1987 πτυχοὶς,

383 1990 557 2073 οὐπερ
577 1986 681 2040 σὸν
703 1983 851 2041 εἶλον
870 1987 1024 2075 χερσὶ
1045 1986 1338 2042 καλλιστον
1358 1988 1539 2057 δέμας.

384 2053 495 2127 κᾷτ’
522 2054 589 2110 ού
613 2069 808 2144 γαμεῖν
829 2054 939 2126 δῆτ’
965 2061 1024 2110 ἔκ
1041 2079 1100 2111 τε
1128 2063 1400 2128 γενναίων
1421 2057 1600 2127 χρεών

384 2130 586 2180 δοῦναί
601 2126 651 2180 τ’
681 2130 735 2190 ἐς
754 2125 1010 2195 έσθλούς,
1033 2125 1184 2192 ὅστις
1205 2130 1267 2182 εὐ
1289 2129 1635 2215 βουλεύεται,

380 2201 568 2250 κακῶν
588 2194 648 2251 δε
669 2198 915 2262 λέκτρων
935 2198 1008 2266 μὴ
1025 2193 1323 2267 ’πιθυμίαν
1345 2203 1506 2282 ἔχειν,

380 2264 510 2357 μηδ’
538 2270 586 2321 εἰ
603 2267 942 2331 ζαπλούτους
962 2274 1168 2322 οἴσεται
1187 2288 1399 2337 φερνας
1422 2267 1640 2337 δόμοις,

383 2337 451 2391 οὐ
474 2358 579 2406 γαρ
602 2334 716 2392 ποτ’
740 2333 811 2392 ἂν
830 2335 1142 2405 πράξειαν’
1115 2357 1176 2390 εκ
1196 2342 1351 2392 θεῶν
1370 2359 1568 2401 κακως

383 2409 581 2462 πολλαὶ
598 2409 811 2496 μορφαὶ
832 2428 944 2460 των
968 2411 1290 2476 δαιμονίων,

379 2475 555 2531 πολλὰ
574 2475 628 2531 δ’
653 2475 898 2540 ἀέλπτως
919 2482 1208 2544 κραίνουσι
1227 2483 1376 2532 θεοί·

380 2568 471 2600 και
497 2544 562 2600 τὰ
582 2545 874 2633 δοκηθέντ’
896 2545 1003 2600 οὐκ
1024 2547 1305 2634 ἐτελεσθη,

385 2638 497 2669 των
518 2613 569 2670 δ’
583 2616 885 2704 ἀδοκήτων
905 2615 1085 2683 πόρον
1107 2637 1238 2682 ευρε
1261 2615 1410 2681 θεός.

386 2684 595 2740 τοιόνδ’
619 2685 797 2758 ἀπέβη
818 2685 944 2742 τόδε
965 2691 1202 2755 πρᾶγμα.

385 2823 473 2872 θεά
495 2826 672 2882 γεγῶσα
699 2825 779 2868 καὶ
803 2825 924 2868 θεοῦ
945 2820 1121 2879 πατρὸς
1145 2822 1290 2878 τέκος,

1753 397 1860 439 1255

1751 747 1861 789 1260

1751 1094 1862 1138 1265

1752 1441 1862 1487 1270

1750 1790 1862 1835 1275

1751 2141 1863 2183 1280

1752 2489 1859 2533 1285

1748 2822 1859 2865 1254
