2022 3126
577 94 659 136 DE
689 93 998 135 EVRIPIDIS
1027 93 1284 136 INGENIO
1592 95 1743 137 XXXI

116 222 279 270 omnia
316 233 537 268 normam
575 224 624 266 et
647 219 886 266 rationem
925 224 1219 266 revocentur
1257 225 1306 267 et
1343 218 1534 281 singula
1571 221 1744 285 placita

117 293 236 340 satis
272 288 477 337 stabilita
516 286 611 335 sint
648 294 695 334 et
731 289 862 336 inter
898 299 950 335 se
987 289 1312 336 consentiant.
1371 289 1456 336 sed
1483 289 1632 339 multa
1670 293 1745 340 in-

117 366 232 410 sunt
265 360 316 406 in
355 358 459 406 eius
503 359 744 420 poematis
793 371 850 404 ex
887 358 1232 419 Anaxagoreae
1278 355 1615 421 philosophiae
1661 375 1744 423 pe-

117 426 388 477 netralibus
426 426 639 474 derivata
656 423 731 488 ⁵²).
804 428 1013 475 maxime
1053 429 1103 475 in
1144 429 1458 489 cosmogonia
1496 431 1746 490 Anaxago-

116 513 221 546 ram
258 502 455 545 secutus
493 502 580 544 est.
646 495 741 545 duo
779 496 908 544 enim
947 498 1115 545 statuit
1152 497 1368 545 omniurn
1406 511 1570 545 rerum
1611 501 1746 559 prin·

115 568 267 629 cipia‚
316 566 575 615 Aetherem
621 566 720 614 sive
766 565 928 615 Iovem
966 572 1012 613 et
1049 566 1279 621 Terram,
1320 581 1347 614 e
1384 581 1595 631 quorum
1633 582 1747 616 con-

115 638 249 699 iugio
288 651 343 684 ea
381 650 504 700 quae
542 642 657 684 sunt
693 636 979 699 prodierint,
1022 637 1089 684 ita
1127 642 1179 684 ut
1205 636 1358 684 Terra
1396 651 1478 685 res
1503 637 1747 694 mortaleS,

115 705 407 756 immortalia
435 704 614 754 Aether
652 706 893 768 genuerit.
949 720 1120 754 rursus
1157 720 1281 770 quae
1322 720 1379 754 ex
1417 711 1549 755 terra
1588 713 1748 755 creata

114 782 226 824 sunt
264 775 323 825 ad
361 783 566 830 terram,
621 790 743 838 quae
782 790 839 823 ex
889 775 1089 823 aethere
1127 774 1487 824 descenderunt
1531 775 1589 824 ad
1630 777 1749 825 coeli

116 845 299 909 templa
354 851 693 893 revertuntur:
751 859 842 893 nec
896 847 1027 909 perit
1072 845 1364 909 quidquam,
1422 844 1510 894 sed
1565 847 1751 894 formae

116 913 284 963 rerum
321 914 568 963 variantur
606 921 653 962 et
689 920 928 963 novantur
964 916 1232 964 mutatione
1269 921 1505 979 perpetua
1520 913 1595 978 5³).
1647 914 1750 965 vul.-

118 998 261 1047 gares
286 999 409 1048 quae
437 983 496 1032 de
522 984 615 1032 diis
653 983 934 1033 ferebantur
960 987 1219 1048 opiniones
1254 1000 1367 1034 oum
1404 984 1494 1033 hae
1533 985 1751 1034 doctrina

119 1055 392 1104 consociari
429 1068 525 1101 non
563 1060 813 1117 poterant,
862 1061 1006 1119 atque
1046 1056 1191 1104 etiam
1238 1055 1432 1103 aliunde
1480 1056 1753 1118 periculum

119 1123 324 1188 Olympo
361 1124 660 1172 imminebat.
735 1131 928 1174 sanctos
968 1126 1099 1173 enim
1137 1124 1254 1174 deos
1291 1124 1508 1187 nullique
1546 1127 1750 1189 turpitu-

118 1193 221 1242 dini
259 1193 500 1243 obnoxios
544 1199 688 1258 poeta
725 1193 933 1258 flagitat:
981 1194 1092 1244 ideo
1129 1195 1325 1244 mentiri
1362 1195 1586 1244 homines
1624 1194 1753 1244 arbi-

229 1373 306 1428 52)
343 1374 559 1416 Pluribus
602 1374 690 1415 hae
738 1375 792 1415 de
838 1387 884 1415 re
929 1375 1184 1428 disputavit
1228 1374 1560 1417 Valckenarius
1604 1374 1751 1416 Diatr

117 1444 161 1485 p.
192 1432 373 1473 34-57,
433 1431 494 1471 cf
527 1431 632 1472 Eur.
666 1431 719 1471 fr.
752 1432 833 1471 230
865 1433 911 1470 et
942 1431 1169 1471 Porsonus
1200 1431 1248 1471 in
1280 1430 1353 1472 Or.
1387 1433 1485 1472 971.

211 1485 324 1554 53)
338 1486 453 1527 Vide
484 1486 690 1555 inprimis
722 1486 775 1526 fr.
796 1487 901 1527 836·
935 1486 1061 1528 Γαῖα
1084 1485 1285 1553 μεγίστη
1316 1484 1398 1527 καὶ
1429 1484 1546 1535 Διὸς
1576 1482 1750 1550 Αἰθήρ,

119 1556 146 1583 ο
176 1556 263 1594 μεν
294 1535 564 1593 ἀνθρώπων
584 1538 664 1582 καὶ
686 1540 818 1582 θεῶν
838 1538 1051 1596 γενέτωρ,
1071 1556 1105 1606 η
1131 1536 1177 1583 δ’
1210 1534 1497 1610 ὑγροβόλους
1519 1536 1754 1607 σταγόνας

120 1597 281 1645 νοτιάς
312 1593 677 1661 παραδεξαμένη
716 1597 863 1638 τίκτει
894 1591 1129 1645 θνατους,
1170 1596 1319 1638 τίκτει
1351 1593 1404 1638 δε
1445 1592 1592 1651 βορὰν
1623 1592 1754 1649 φῦλα

120 1666 170 1694 τε
200 1652 387 1722 θηρῶν
422 1644 542 1694 οθεν
572 1645 658 1694 οὐκ
689 1646 865 1700 ἀδίκως
894 1647 1067 1720 μήτηρ
1069 1666 1259 1694 παντων
1281 1646 1578 1718 νενόμισται.
1614 1656 1756 1724 χωρεῖ

121 1702 171 1750 δ’
201 1702 351 1749 ὀπίσω
381 1722 441 1749 τα
470 1703 560 1761 μὲν
590 1701 641 1749 ἐκ
672 1707 814 1761 γαίας
837 1702 989 1774 φύντ’
1023 1705 1091 1756 εἰς
1121 1711 1284 1773 γαῖαν9
1324 1722 1380 1749 τα
1413 1701 1459 1749 δ’
1493 1702 1578 1750 ἀπ’
1612 1707 1752 1751 αἰθε-

118 1764 225 1828 ρίου
246 1756 509 1832 βλαστόντα
539 1762 693 1830 γονῆς
704 1760 773 1811 εἰς
795 1757 1019 1816 ουροῖνιον
1037 1760 1183 1805 πάλιν
1205 1753 1330 1828 ἦλθε
1348 1757 1520 1806 πόλον·
1540 1760 1754 1832 θνησκει

121 1812 170 1861 δ’
204 1815 349 1861 οὐδὲν
378 1817 471 1860 τῶν
500 1815 806 1888 γιγνομένων,
838 1779 1232 1873 διακρινόμενονη
1237 1812 1284 1861 δ’
1318 1812 1432 1861 αλλο
1447 1815 1578 1887 ,πρὸς
1610 1816 1754 1863 ἄλλου

119 1869 310 1930 μορφὴν
339 1868 504 1944 ἑτέραν
534 1870 789 1940 ἐπέδειξεν
848 1876 902 1917 de
933 1876 1050 1917 coeli
1089 1880 1135 1917 et
1173 1880 1324 1917 terrae
1358 1877 1571 1943 coniugio
1609 1878 1751 1919 habes

121 1931 180 1995 fr3
209 1933 306 1984 890,
338 1933 387 1972 7:
428 1925 511 1985 ε’ρᾷ
541 1944 627 1999 μεν
657 1924 842 1998 ὄμβρου
871 1925 992 1985 γαῖ’,
999 1945 1144 2028 ὃοταν
1185 1924 1328 1998 ξηρὸν
1357 1929 1506 1973 πέδον
1539 1925 1753 1996 ἄκαρπον

119 1978 286 2043 αὐχμῷ
296 1975 510 2052 νοτίδος
542 1981 714 2034 ἐνδεῶς
746 1983 850 2041 ἔχῃ·
883 1962 1028 2053 έρᾷἰδ
1079 1983 1103 2029 ὁ
1126 1986 1299 2054 σεμνὸς
1318 1980 1525 2051 οὐρανὸς
1545 1982 1755 2057 πληρού-

119 2056 260 2096 μενος
289 2035 468 2111 ὄμβρου
498 2045 661 2084 πεσειν
692 2039 760 2090 εἰς
789 2045 936 2107 γαῖαν
961 2036 1235 2109 Ἀφροδίτης
1266 2036 1380 2086 ὕπο·
1415 2036 1532 2085 ὅταν
1564 2040 1618 2086 δε
1643 2058 1750 2108 συμ-

119 2097 358 2164 ntxrffr'jtoy
383 2094 436 2166 ἐς
467 2091 644 2140 ταύτὸν
676 2092 788 2152 δύο,
831 2092 1039 2163 φύουσιν
1067 2093 1185 2152 ἡμῖν
1215 2113 1374 2142 παντα
1404 2098 1485 2141 καὶ
1525 2093 1750 2153 τρέφουσ

121 2144 693 2252 52512‘53323250335312
712 2153 947 2251 ζᾶἵοέἔιᾯῒῗ
963 2149 1362 2279 ῗεξῖλῗοέξνξὶὸς
1374 2157 1754 2282 ἳᾚθξὲωξῗῗ

119 2259 235 2334 έμῆς
265 2260 439 2320 μητρὸς
467 2260 615 2331 πάρα,
648 2258 709 2329 (ξς
742 2259 942 2319 ουρανός
964 2280 1013 2308 τε
1042 2264 1158 2321 γαῐοὶ
1177 2262 1220 2308 τ’
1243 2257 1304 2334 ἦν
1322 2262 1495 2334 μορφὴ
1508 2266 1616 2319 μία·
1650 2262 1751 2309 επεὶ

120 2315 170 2362 δ’
180 2315 529 2385 ἐχωρίσθησαν
560 2315 773 2375 αλλήλων
805 2322 932 2376 δίχα,
964 2322 1175 2364 τίκτουσι
1198 2321 1358 2364 πάντα
1379 2320 1661 2365 κανέδωκαν
1685 2321 1751 2371 εἰς

121 2390 258 2441 (potos.
323 2378 476 2419 Iovem
516 2378 707 2419 eundem
747 2391 845 2420 esse
886 2382 1023 2432 atque
1061 2379 1253 2420 aethera
1294 2379 1501 2420 declarat
1546 2381 1600 2421 fr.
1641 2383 1751 2421 935·

119 2428 238 2498 ὁρᾷς
275 2427 357 2475 τὸν
394 2428 523 2500 ὑψοῦ
554 2427 688 2475 τόνδ’
721 2446 919 2486 απειρον
946 2430 1138 2500 αἰθέρα
1167 2433 1248 2476 καὶ
1287 2434 1378 2502 γῆν
1408 2432 1542 2503 πέριξ
1556 2431 1750 2500 ἔχονθ’

120 2482 289 2554 υγραῖς
316 2503 368 2531 εν
397 2483 650 2543 αγκοίλαιςς
692 2489 862 2532 τοῦτον
900 2486 1059 2543 νόμιζε
1094 2489 1244 2555 Ζῆνα,
1287 2486 1424 2532 τόνδ’
1452 2487 1586 2556 ἡγοῦ
1617 2486 1751 2535 θεόν.
1781 2532 1785 2536 ,

121 2545 300 2597 quicum
331 2545 391 2586 cf.
423 2547 528 2587 Tro.
559 2548 656 2588 884.
709 2550 869 2587 eontra
901 2547 956 2587 fr.
985 2549 1066 2587 491
1099 2522 1256 2600 αἰθὴρ
1289 2545 1472 2600 οἴκησις
1496 2542 1610 2595 Διός
1641 2547 1752 2587 diei-

120 2604 206 2641 tur.
267 2601 441 2643 animus
479 2602 700 2642 humanus
740 2602 920 2643 divinus
952 2601 1023 2644 vel
1060 2603 1161 2655 ipse
1193 2603 1309 2643 adeo
1342 2603 1453 2643 deus
1485 2608 1571 2654 est,
1604 2603 1664 2643 cf.
1697 2603 1749 2641 fr.

123 2657 246 2697 1007.
305 2657 487 2710 ‘quando
518 2659 706 2699 moritur
734 2658 879 2710 homo,
909 2662 1033 2699 terra
1063 2662 1213 2699 terrae
1244 2657 1466 2710 redditur,
1500 2659 1675 2698 animus
1705 2658 1750 2697 in

122 2711 296 2753 coelum
331 2717 570 2778 tanquam
580 2713 855 2755 domicilium
885 2726 1014 2755 suum
1044 2715 1278 2781 remigrat.
1339 2714 1397 2755 cf.
1430 2714 1483 2756 fr.
1505 2715 1609 2755 961:
1642 2726 1666 2753 o
1700 2704 1748 2752 δ’

124 2778 229 2827 αρτι
272 2762 468 2810 θάλλων
511 2763 661 2822 σάρκα
705 2764 930 2822 διοπετὴς
974 2764 1100 2817 ὅπως
1144 2781 1293 2823 αστηρ
1324 2762 1529 2837 απέσβη,
1574 2759 1750 2831 πνεῦμ’

123 2811 268 2871 αφεὶς
297 2815 344 2870 ἐς
376 2820 567 2875 αἰθέρα.
628 2825 784 2893 Suppl.
810 2827 938 2867 1140·
971 2822 1187 2879 βεβᾶσιν·
1220 2820 1374 2879 αἰθὴρ
1405 2821 1501 2891 ἔχει
1532 2837 1607 2865 νιν
1637 2814 1746 2876 ήδη.

125 2875 178 2916 fr.
211 2877 305 2930 757,
336 2880 385 2919 5·
423 2877 504 2920 καὶ
536 2872 644 2921 ταδ’
679 2877 920 2935 α’χθονται
950 2879 1132 2935 βροτοί,
1166 2876 1234 2929 εἰς
1264 2880 1354 2935 γῆν
1386 2891 1609 2933 φεροντες
1639 2877 1747 2933 γῆν.
