2022 3126
266 112 360 164 196

262 1622 383 1671 ME.

967 115 1219 164 EAENH

447 255 591 325 βοὰν
613 253 755 328 βοὰν
780 251 835 311 δ’
863 252 1052 321 Ἑλλὰς
1845 270 1929 314 370

452 340 724 412 κελάδησε
748 337 1145 410 κάνοτότυξεν,

449 427 539 481 ε’πὶ
570 425 631 481 δὲ
655 427 815 496 κρατὶ
842 427 1004 497 χέρας
1029 431 1250 496 ἔθηκεν,

448 507 608 581 ὄνυχι
634 507 686 566 δ’
714 508 1031 581 ἁπαλόχροα
1055 511 1229 581 γένυν

451 599 645 651 ἔδευσε
670 601 944 667 φοινιάισι
969 601 1219 666 πλαγαῖς.

451 672 494 734 ῶ
518 680 700 752 μάκαρ
726 679 990 753 Ἀρκαδίᾳ
1014 680 1143 735 ποτε
1177 681 1425 751 παρθένε
1448 685 1765 752 Καλλιστοῖ,
1791 676 1930 745 Διὸς

448 762 483 820 ἂ
507 767 711 836 λεχέων
735 768 932 837 ἐπέβας
958 764 1324 835 τετραβάμοσι
1349 770 1547 836 γυίοις,
1845 777 1928 821 376

449 847 522 915 ῶς
545 849 688 906 πολὺ
714 850 918 922 ματρὸς
944 853 1074 921 ἐμᾶς
1100 855 1287 920 ἔλαχες
1316 852 1500 920 πλέον,

449 933 484 990 ἁ
508 941 700 1009 μορφᾷ
728 942 925 1007 θηρῶν
953 941 1302 1006 λαχνογυίων

449 1018 648 1092 ὄμματι
678 1020 866 1094 λάβρῳ
897 1026 1073 1091 σχῆμα
1102 1025 1323 1091 λεαίνης

450 1102 766 1172 ἐξαλλάξασ’
797 1103 926 1176 ἄχεα
952 1107 1155 1176 λύπης·
1847 1117 1931 1161 380

447 1187 515 1245 ἅν
541 1193 603 1246 τέ
622 1187 745 1245 ποτ’
763 1187 1018 1262 ’Ἄρτεμις
1045 1189 1429 1262 ἐξεχορεύσατο

445 1272 808 1347 χρυσοκέρατ’
837 1281 1045 1346 ἔλαφον
1069 1276 1333 1346 Μέροπος
1365 1279 1627 1330 Τιτανίδα
1653 1274 1865 1348 κούραν

449 1360 796 1425 καλλοσύνας
821 1363 1039 1416 ἕνεκεν·
1068 1358 1128 1415 τὸ
1155 1356 1209 1414 δ’
1237 1357 1370 1430 ἐμὸν
1396 1361 1561 1430 δέμας

449 1442 656 1501 ῶλεσεν
682 1441 851 1501 ῶλεσε
891 1447 1142 1518 πέργαμα
1165 1449 1490 1516 Δαρδανίας

448 1527 750 1602 ὀλομένους
773 1527 821 1586 τ’
849 1527 1114 1602 Ἀχαιούς.
1846 1544 1928 1587 385

450 1608 493 1670 ῶ
518 1614 610 1680 τὰς
635 1621 980 1687 τεθρίππους
1009 1615 1266 1689 Οἰνομάῳ
1290 1621 1475 1671 Πῖσαν
1499 1615 1635 1671 κάτα

445 1703 636 1767 Πέλοψ
664 1698 894 1772 ἁμίλλας
918 1702 1299 1772 ἐξαμιλληθείς
1325 1722 1473 1771 ποτε,

451 1783 564 1841 εἴθ’
597 1783 810 1857 ῶφελες
834 1784 960 1841 τόθ’
991 1782 1146 1856 [ἡνίκ’
1177 1791 1378 1856 ἔρανον
1405 1791 1481 1850 είς
1504 1784 1678 1851 θεοὺς

446 1873 697 1935 πεισθεὶς
722 1874 941 1940 ἐποίεις]
973 1869 1183 1936 εὐθέως
1210 1878 1392 1926 λιπεῖν
1419 1876 1564 1942 βίον,

447 1958 580 2027 πρὶν
605 1955 702 2011 τὸν
728 1955 861 2026 ἐμὸν
887 1953 1077 2027 Ἀτρέα
1103 1958 1311 2027 πατέρα
1334 1961 1608 2026 γεννῆσαί
1632 1978 1780 2027 ποτε,
1842 1971 1926 2014 390

447 2037 506 2105 ὃς
533 2042 800 2111 ἐξέφυσεν
824 2039 1087 2112 Ἀερόπης
1111 2042 1356 2111 λέκτρων
1381 2038 1488 2095 &Zao

441 2123 800 2197 Ἀγαμέμνον’
835 2127 931 2197 ε’μέ
958 2149 1015 2181 τε
1039 2128 1371 2194 Μενέλεων,
1397 2124 1621 2182 κλεινὸν
1646 2126 1838 2198 ζυγόν·

447 2218 707 2266 πλεῖστον
732 2210 836 2282 γὰρ
862 2210 1010 2282 οἶμαι
1027 2254 1041 2281 ,
1069 2212 1159 2265 καὶ
1184 2211 1281 2266 τόδ
1289 2209 1302 2229 ’
1329 2208 1397 2266 οὐ
1421 2211 1615 2286 κόμπῳ
1640 2214 1799 2284 λέγω,

447 2296 757 2369 στράτευμα
782 2296 940 2368 κώπῃ
966 2301 1206 2366 διορίσαι
1239 2302 1446 2366 Τροίαν
1472 2302 1578 2366 ἔπι,

447 2381 718 2453 τύραννος
743 2378 911 2437 οὐδὲν
937 2379 1071 2453 πρὸς
1096 2387 1226 2452 βίαν
1251 2388 1656 2453 στρατηλατῶν,
1840 2395 1923 2439 395

446 2468 633 2522 ἑκοῦσι
659 2464 708 2522 δ’
739 2463 902 2536 ἄρξας
927 2463 1181 2530 Ἑλλάδος
1204 2472 1468 2531 νεανίαις.

446 2553 539 2606 καὶ
564 2551 691 2617 τοὺς
715 2551 817 2622 μὲν
841 2548 1023 2607 οὐκέτ’
1053 2549 1215 2615 ὄντας
1241 2549 1547 2623 ἀριθμῆσαι
1572 2552 1736 2623 πάρα,

448 2633 577 2700 τοὺς
604 2634 653 2691 δ’
685 2640 743 2692 ἐκ
769 2636 1050 2707 θαλάσσης
1075 2633 1350 2707 ἀσμένους
1379 2638 1750 2709 πεφευγότας,

445 2727 663 2792 νεκρῶν
689 2723 960 2790 φέροντας
985 2718 1209 2792 ὀνόματ’
1240 2727 1317 2785 εἰς
1341 2729 1530 2785 οἴκους
1557 2722 1738 2777 πάλιν.

447 2804 553 2876 ἐγω
581 2803 634 2860 δ’
671 2803 757 2862 ἐπ’
787 2806 950 2878 οἶδμα
974 2805 1202 2862 πόντιον
1225 2811 1469 2878 γλαυκῆς
1496 2803 1626 2871 ἁλὸς
1834 2822 1917 2866 400

445 2890 666 2961 τλήμων
693 2888 906 2962 ἀλῶμαι
928 2891 1132 2963 χρόνον
1156 2888 1393 2961 ὅσονπερ
1419 2888 1583 2946 Ἰλίου
