<?xml version="1.0" encoding="UTF-8"?>
<!DOCTYPE html PUBLIC "-//W3C//DTD XHTML 1.0 Transitional//EN"
    "http://www.w3.org/TR/xhtml1/DTD/xhtml1-transitional.dtd">
<html xmlns="http://www.w3.org/1999/xhtml" xml:lang="en" lang="en">
 <head>
  <title>
</title>
<meta http-equiv="Content-Type" content="text/html;charset=utf-8" />
  <meta name='ocr-system' content='tesseract 3.04.00' />
  <meta name='ocr-capabilities' content='ocr_page ocr_carea ocr_par ocr_line ocrx_word'/>
</head>
<body>
  <div class='ocr_page' id='page_1' title='image "./euripidistragoe01euriuoft_0504.png"; bbox 0 0 2022 3126; ppageno 0'>
   <div class='ocr_carea' id='block_1_1' title="bbox 275 91 375 139">
    <p class='ocr_par' dir='ltr' id='par_1_1' title="bbox 275 91 375 139">
     <span class='ocr_line' id='line_1_1' title="bbox 275 91 375 139; baseline 0.01 -1"><span class='ocrx_word' id='word_1_1' title='bbox 275 91 375 139; x_wconf 76' lang='lat'><em>404</em></span> 
     </span>
    </p>
   </div>
   <div class='ocr_carea' id='block_1_2' title="bbox 280 665 392 713">
    <p class='ocr_par' dir='ltr' id='par_1_2' title="bbox 280 665 392 713">
     <span class='ocr_line' id='line_1_2' title="bbox 280 665 392 713; baseline -0.018 0"><span class='ocrx_word' id='word_1_2' title='bbox 280 665 392 713; x_wconf 89' lang='lat' dir='ltr'><em>XO.</em></span> 
     </span>
    </p>
   </div>
   <div class='ocr_carea' id='block_1_3' title="bbox 280 917 367 965">
    <p class='ocr_par' dir='ltr' id='par_1_3' title="bbox 280 917 367 965">
     <span class='ocr_line' id='line_1_3' title="bbox 280 917 367 965; baseline -0.011 0"><span class='ocrx_word' id='word_1_3' title='bbox 280 917 367 965; x_wconf 78' lang='grc' dir='ltr'><em>ΙΦ,</em></span> 
     </span>
    </p>
   </div>
   <div class='ocr_carea' id='block_1_4' title="bbox 288 1852 389 1900">
    <p class='ocr_par' dir='ltr' id='par_1_4' title="bbox 288 1852 389 1900">
     <span class='ocr_line' id='line_1_4' title="bbox 288 1852 389 1900; baseline -0.01 0"><span class='ocrx_word' id='word_1_4' title='bbox 288 1852 389 1900; x_wconf 80' lang='grc' dir='ltr'><em>ΕΤ.</em></span> 
     </span>
    </p>
   </div>
   <div class='ocr_carea' id='block_1_5' title="bbox 282 2107 374 2155">
    <p class='ocr_par' dir='ltr' id='par_1_5' title="bbox 282 2107 374 2155">
     <span class='ocr_line' id='line_1_5' title="bbox 282 2107 374 2155; baseline -0.033 0"><span class='ocrx_word' id='word_1_5' title='bbox 282 2107 374 2155; x_wconf 84' lang='grc' dir='ltr'><em>[Φ.</em></span> 
     </span>
    </p>
   </div>
   <div class='ocr_carea' id='block_1_6' title="bbox 280 2276 389 2324">
    <p class='ocr_par' dir='ltr' id='par_1_6' title="bbox 280 2276 389 2324">
     <span class='ocr_line' id='line_1_6' title="bbox 280 2276 389 2324; baseline 0 -1"><span class='ocrx_word' id='word_1_6' title='bbox 280 2276 389 2324; x_wconf 81' lang='grc' dir='ltr'><em>ΕΤ.</em></span> 
     </span>
    </p>
   </div>
   <div class='ocr_carea' id='block_1_7' title="bbox 279 2446 375 2493">
    <p class='ocr_par' dir='ltr' id='par_1_7' title="bbox 279 2446 375 2493">
     <span class='ocr_line' id='line_1_7' title="bbox 279 2446 375 2493; baseline -0.021 0"><span class='ocrx_word' id='word_1_7' title='bbox 279 2446 375 2493; x_wconf 90' lang='grc' dir='ltr'><em>ΙΦ.</em></span> 
     </span>
    </p>
   </div>
   <div class='ocr_carea' id='block_1_8' title="bbox 281 2531 389 2579">
    <p class='ocr_par' dir='ltr' id='par_1_8' title="bbox 281 2531 389 2579">
     <span class='ocr_line' id='line_1_8' title="bbox 281 2531 389 2579; baseline -0.019 0"><span class='ocrx_word' id='word_1_8' title='bbox 281 2531 325 2579; x_wconf 89' lang='grc' dir='ltr'><em>Ε</em></span> <span class='ocrx_word' id='word_1_9' title='bbox 334 2531 389 2578; x_wconf 78' lang='grc' dir='ltr'><em>Τ.</em></span> 
     </span>
    </p>
   </div>
   <div class='ocr_carea' id='block_1_9' title="bbox 280 2615 376 2663">
    <p class='ocr_par' dir='ltr' id='par_1_9' title="bbox 280 2615 376 2663">
     <span class='ocr_line' id='line_1_9' title="bbox 280 2615 376 2663; baseline -0.021 0"><span class='ocrx_word' id='word_1_10' title='bbox 280 2615 376 2663; x_wconf 88' lang='grc' dir='ltr'><em>ΙΦ.</em></span> 
     </span>
    </p>
   </div>
   <div class='ocr_carea' id='block_1_10' title="bbox 280 2700 390 2748">
    <p class='ocr_par' dir='ltr' id='par_1_10' title="bbox 280 2700 390 2748">
     <span class='ocr_line' id='line_1_10' title="bbox 280 2700 390 2748; baseline -0.009 0"><span class='ocrx_word' id='word_1_11' title='bbox 280 2700 326 2748; x_wconf 90' lang='grc' dir='ltr'><em>Ε</em></span> <span class='ocrx_word' id='word_1_12' title='bbox 335 2701 390 2748; x_wconf 80' lang='grc' dir='ltr'><em>Τ.</em></span> 
     </span>
    </p>
   </div>
   <div class='ocr_carea' id='block_1_11' title="bbox 280 2784 376 2832">
    <p class='ocr_par' dir='ltr' id='par_1_11' title="bbox 280 2784 376 2832">
     <span class='ocr_line' id='line_1_11' title="bbox 280 2784 376 2832; baseline -0.021 0"><span class='ocrx_word' id='word_1_13' title='bbox 280 2784 376 2832; x_wconf 89' lang='grc' dir='ltr'><em>ΙΦ.</em></span> 
     </span>
    </p>
   </div>
   <div class='ocr_carea' id='block_1_12' title="bbox 285 2869 390 2916">
    <p class='ocr_par' dir='ltr' id='par_1_12' title="bbox 285 2869 390 2916">
     <span class='ocr_line' id='line_1_12' title="bbox 285 2869 390 2916; baseline 0 -1"><span class='ocrx_word' id='word_1_14' title='bbox 285 2869 390 2916; x_wconf 78' lang='grc' dir='ltr'><em>ΕΤ.</em></span> 
     </span>
    </p>
   </div>
   <div class='ocr_carea' id='block_1_13' title="bbox 940 102 1275 148">
    <p class='ocr_par' dir='ltr' id='par_1_13' title="bbox 940 102 1275 148">
     <span class='ocr_line' id='line_1_13' title="bbox 940 102 1275 148; baseline 0 -1"><span class='ocrx_word' id='word_1_15' title='bbox 940 102 1275 148; x_wconf 85' lang='grc' dir='ltr'><em>ΙΚΕΤΙΔΕΣ</em></span> 
     </span>
    </p>
   </div>
   <div class='ocr_carea' id='block_1_14' title="bbox 462 230 1936 2935">
    <p class='ocr_par' dir='ltr' id='par_1_14' title="bbox 465 230 1296 306">
     <span class='ocr_line' id='line_1_14' title="bbox 465 230 1296 306; baseline 0.002 -18"><span class='ocrx_word' id='word_1_16' title='bbox 465 239 697 289; x_wconf 89' lang='grc' dir='ltr'><em>δικαίων</em></span> <span class='ocrx_word' id='word_1_17' title='bbox 722 231 1004 306; x_wconf 81' lang='grc' dir='ltr'><em>ὑμεναίων</em></span> <span class='ocrx_word' id='word_1_18' title='bbox 1031 237 1091 289; x_wconf 86' lang='grc' dir='ltr'><em>ἐν</em></span> <span class='ocrx_word' id='word_1_19' title='bbox 1113 230 1296 305; x_wconf 72' lang='grc' dir='ltr'><em>’Ἀργει</em></span> 
     </span>
    </p>

    <p class='ocr_par' dir='ltr' id='par_1_15' title="bbox 465 319 1222 389">
     <span class='ocr_line' id='line_1_15' title="bbox 465 319 1222 389; baseline 0.001 -16"><span class='ocrx_word' id='word_1_20' title='bbox 465 320 718 389; x_wconf 78' lang='grc' dir='ltr'><em>φανῶσιν</em></span> <span class='ocrx_word' id='word_1_21' title='bbox 747 319 1017 372; x_wconf 78' lang='grc' dir='ltr'><em>τέκνοισιν</em></span> <span class='ocrx_word' id='word_1_22' title='bbox 1050 321 1222 389; x_wconf 83' lang='grc' dir='ltr'><strong><em>ἐμοῖς,</em></strong></span> 
     </span>
    </p>

    <p class='ocr_par' dir='ltr' id='par_1_16' title="bbox 466 399 1171 473">
     <span class='ocr_line' id='line_1_16' title="bbox 466 399 1171 473; baseline -0.001 -16"><span class='ocrx_word' id='word_1_23' title='bbox 466 400 539 466; x_wconf 78' lang='grc' dir='ltr'><em>ῶς</em></span> <span class='ocrx_word' id='word_1_24' title='bbox 570 399 648 457; x_wconf 77' lang='grc' dir='ltr'><em>ὅδ’</em></span> <span class='ocrx_word' id='word_1_25' title='bbox 680 400 903 465; x_wconf 81' lang='grc' dir='ltr'><em>εὐναῖος</em></span> <span class='ocrx_word' id='word_1_26' title='bbox 933 401 1171 473; x_wconf 83' lang='grc' dir='ltr'><em>γαμέτας</em></span> 
     </span>
    </p>

    <p class='ocr_par' dir='ltr' id='par_1_17' title="bbox 465 484 1264 559">
     <span class='ocr_line' id='line_1_17' title="bbox 465 484 1264 559; baseline 0 -17"><span class='ocrx_word' id='word_1_27' title='bbox 465 488 797 558; x_wconf 79' lang='grc' dir='ltr'><em>συντηχθεὶς</em></span> <span class='ocrx_word' id='word_1_28' title='bbox 819 484 1016 559; x_wconf 75' lang='grc' dir='ltr'><em>αὔραις</em></span> <span class='ocrx_word' id='word_1_29' title='bbox 1044 484 1264 552; x_wconf 79' lang='grc' dir='ltr'><em>ἀδόλοις</em></span> 
     </span>
    </p>

    <p class='ocr_par' dir='ltr' id='par_1_18' title="bbox 463 569 1936 813">
     <span class='ocr_line' id='line_1_18' title="bbox 463 569 1936 646; baseline 0.003 -18"><span class='ocrx_word' id='word_1_30' title='bbox 463 578 719 643; x_wconf 79' lang='grc' dir='ltr'><em>γενναίας</em></span> <span class='ocrx_word' id='word_1_31' title='bbox 741 577 918 643; x_wconf 80' lang='grc' dir='ltr'><em>ψυχᾶς</em></span> <span class='ocrx_word' id='word_1_32' title='bbox 941 569 1135 646; x_wconf 78' lang='grc' dir='ltr'><em>ἀλόχῳ.</em></span> <span class='ocrx_word' id='word_1_33' title='bbox 1829 589 1936 633; x_wconf 81' lang='grc'>1030</span> 
     </span>
     <span class='ocr_line' id='line_1_19' title="bbox 466 653 1725 729; baseline 0.001 -17"><span class='ocrx_word' id='word_1_34' title='bbox 466 659 557 712; x_wconf 80' lang='grc' dir='ltr'><em>καὶ</em></span> <span class='ocrx_word' id='word_1_35' title='bbox 581 656 691 728; x_wconf 86' lang='grc' dir='ltr'><em>μὴν</em></span> <span class='ocrx_word' id='word_1_36' title='bbox 715 653 801 712; x_wconf 78' lang='grc' dir='ltr'><em>ὅδ’</em></span> <span class='ocrx_word' id='word_1_37' title='bbox 829 653 996 721; x_wconf 76' lang='grc' dir='ltr'><em>αὐτὸς</em></span> <span class='ocrx_word' id='word_1_38' title='bbox 1019 656 1112 722; x_wconf 85' lang='grc' dir='ltr'><em>σὸς</em></span> <span class='ocrx_word' id='word_1_39' title='bbox 1137 654 1312 727; x_wconf 87' lang='grc' dir='ltr'><em>πατὴρ</em></span> <span class='ocrx_word' id='word_1_40' title='bbox 1337 661 1519 727; x_wconf 84' lang='grc' dir='ltr'><em>βαίνει</em></span> <span class='ocrx_word' id='word_1_41' title='bbox 1544 664 1725 729; x_wconf 90' lang='grc' dir='ltr'><em>πέλας,</em></span> 
     </span>
     <span class='ocr_line' id='line_1_20' title="bbox 467 733 1502 813; baseline -0.002 -16"><span class='ocrx_word' id='word_1_42' title='bbox 467 740 685 813; x_wconf 87' lang='grc' dir='ltr'><em>γεραιὸς</em></span> <span class='ocrx_word' id='word_1_43' title='bbox 702 733 834 813; x_wconf 68' lang='grc' dir='ltr'><em>Ἶφις</em></span> <span class='ocrx_word' id='word_1_44' title='bbox 860 746 936 806; x_wconf 81' lang='grc' dir='ltr'><em>εἰς</em></span> <span class='ocrx_word' id='word_1_45' title='bbox 959 744 1262 811; x_wconf 76' lang='grc' dir='ltr'><em>νεωτέρους</em></span> <span class='ocrx_word' id='word_1_46' title='bbox 1289 740 1502 812; x_wconf 83' lang='grc' dir='ltr'><em>λόγους,</em></span> 
     </span>
    </p>

    <p class='ocr_par' dir='ltr' id='par_1_19' title="bbox 466 822 1699 897">
     <span class='ocr_line' id='line_1_21' title="bbox 466 822 1699 897; baseline 0.001 -16"><span class='ocrx_word' id='word_1_47' title='bbox 466 823 562 892; x_wconf 76' lang='grc' dir='ltr'><em>οὓς</em></span> <span class='ocrx_word' id='word_1_48' title='bbox 587 824 654 882; x_wconf 82' lang='grc' dir='ltr'><em>οὐ</em></span> <span class='ocrx_word' id='word_1_49' title='bbox 678 825 944 890; x_wconf 80' lang='grc' dir='ltr'><em>κατειδῶς</em></span> <span class='ocrx_word' id='word_1_50' title='bbox 969 826 1219 897; x_wconf 77' lang='grc' dir='ltr'><em>πρόσθεν</em></span> <span class='ocrx_word' id='word_1_51' title='bbox 1244 822 1469 896; x_wconf 76' lang='grc' dir='ltr'><em>ἀλγήσει</em></span> <span class='ocrx_word' id='word_1_52' title='bbox 1495 829 1699 882; x_wconf 85' lang='grc' dir='ltr'><em>κλύων.</em></span> 
     </span>
    </p>

    <p class='ocr_par' dir='ltr' id='par_1_20' title="bbox 465 904 1629 982">
     <span class='ocr_line' id='line_1_22' title="bbox 465 904 1629 982; baseline 0.001 -17"><span class='ocrx_word' id='word_1_53' title='bbox 465 904 508 965; x_wconf 85' lang='grc' dir='ltr'><em>ῶ</em></span> <span class='ocrx_word' id='word_1_54' title='bbox 533 911 896 982; x_wconf 88' lang='grc' dir='ltr'><em>δυστάλαινα,</em></span> <span class='ocrx_word' id='word_1_55' title='bbox 923 911 1195 975; x_wconf 76' lang='grc' dir='ltr'><em>δυστάλας</em></span> <span class='ocrx_word' id='word_1_56' title='bbox 1220 915 1253 965; x_wconf 92' lang='grc' dir='ltr'><em>δ</em></span> <span class='ocrx_word' id='word_1_57' title='bbox 1260 907 1272 927; x_wconf 85' lang='lat'>&#39;</span> <span class='ocrx_word' id='word_1_58' title='bbox 1303 909 1409 981; x_wconf 74' lang='grc' dir='ltr'><em>ἐγώ</em></span> <span class='ocrx_word' id='word_1_59' title='bbox 1434 913 1629 982; x_wconf 88' lang='grc' dir='ltr'><em>γέρων,</em></span> 
     </span>
    </p>

    <p class='ocr_par' dir='ltr' id='par_1_21' title="bbox 462 993 1931 1323">
     <span class='ocr_line' id='line_1_23' title="bbox 464 993 1931 1067; baseline -0.004 -16"><span class='ocrx_word' id='word_1_60' title='bbox 464 993 579 1066; x_wconf 79' lang='grc' dir='ltr'><em>ἥκω</em></span> <span class='ocrx_word' id='word_1_61' title='bbox 605 1001 842 1051; x_wconf 84' lang='grc' dir='ltr'><em>διπλοῦν</em></span> <span class='ocrx_word' id='word_1_62' title='bbox 866 995 1105 1067; x_wconf 79' lang='grc' dir='ltr'><em>πένθημ’</em></span> <span class='ocrx_word' id='word_1_63' title='bbox 1140 994 1459 1064; x_wconf 85' lang='grc' dir='ltr'><em>ὁμαιμόνων</em></span> <span class='ocrx_word' id='word_1_64' title='bbox 1484 998 1651 1062; x_wconf 78' lang='grc' dir='ltr'><em>ἔχων,</em></span> <span class='ocrx_word' id='word_1_65' title='bbox 1826 1012 1931 1055; x_wconf 79' lang='lat'>1035</span> 
     </span>
     <span class='ocr_line' id='line_1_24' title="bbox 465 1080 1631 1153; baseline 0 -17"><span class='ocrx_word' id='word_1_66' title='bbox 465 1080 561 1136; x_wconf 85' lang='grc' dir='ltr'><em>τὸν</em></span> <span class='ocrx_word' id='word_1_67' title='bbox 586 1082 687 1152; x_wconf 77' lang='grc' dir='ltr'><em>μὲν</em></span> <span class='ocrx_word' id='word_1_68' title='bbox 713 1081 961 1136; x_wconf 81' lang='grc' dir='ltr'><em>θανόντα</em></span> <span class='ocrx_word' id='word_1_69' title='bbox 989 1086 1158 1137; x_wconf 83' lang='grc' dir='ltr'><em>παῖδα</em></span> <span class='ocrx_word' id='word_1_70' title='bbox 1186 1086 1483 1153; x_wconf 88' lang='grc' dir='ltr'><em>Καδμείων</em></span> <span class='ocrx_word' id='word_1_71' title='bbox 1506 1084 1631 1153; x_wconf 84' lang='grc' dir='ltr'><em>δορὶ</em></span> 
     </span>
     <span class='ocr_line' id='line_1_25' title="bbox 462 1164 1882 1238; baseline 0.001 -16"><span class='ocrx_word' id='word_1_72' title='bbox 462 1164 742 1222; x_wconf 81' lang='grc' dir='ltr'><em>Ἐτέοκλον</em></span> <span class='ocrx_word' id='word_1_73' title='bbox 770 1172 845 1232; x_wconf 83' lang='grc' dir='ltr'><em>είς</em></span> <span class='ocrx_word' id='word_1_74' title='bbox 867 1172 972 1238; x_wconf 86' lang='grc' dir='ltr'><em>γῆν</em></span> <span class='ocrx_word' id='word_1_75' title='bbox 996 1171 1232 1238; x_wconf 77' lang='grc' dir='ltr'><em>πατρίδα</em></span> <span class='ocrx_word' id='word_1_76' title='bbox 1256 1167 1640 1222; x_wconf 75' lang='grc' dir='ltr'><em>ναυσθλώσων</em></span> <span class='ocrx_word' id='word_1_77' title='bbox 1667 1168 1882 1238; x_wconf 89' lang='grc' dir='ltr'><em>νεκρόν,</em></span> 
     </span>
     <span class='ocr_line' id='line_1_26' title="bbox 468 1248 1599 1323; baseline 0.002 -18"><span class='ocrx_word' id='word_1_78' title='bbox 468 1257 641 1322; x_wconf 81' lang='grc' dir='ltr'><em>ζητῶν</em></span> <span class='ocrx_word' id='word_1_79' title='bbox 657 1248 715 1305; x_wconf 84' lang='grc' dir='ltr'><em>δ’</em></span> <span class='ocrx_word' id='word_1_80' title='bbox 742 1250 879 1323; x_wconf 88' lang='grc' dir='ltr'><em>ἐμὴν</em></span> <span class='ocrx_word' id='word_1_81' title='bbox 903 1250 1076 1322; x_wconf 83' lang='grc' dir='ltr'><em>παῖδ’,</em></span> <span class='ocrx_word' id='word_1_82' title='bbox 1104 1248 1138 1322; x_wconf 81' lang='grc' dir='ltr'><em>ἢ</em></span> <span class='ocrx_word' id='word_1_83' title='bbox 1163 1252 1350 1322; x_wconf 88' lang='grc' dir='ltr'><em>δόμων</em></span> <span class='ocrx_word' id='word_1_84' title='bbox 1374 1251 1599 1317; x_wconf 83' lang='grc' dir='ltr'><em>ἐξώπιος</em></span> 
     </span>
    </p>

    <p class='ocr_par' dir='ltr' id='par_1_22' title="bbox 469 1333 1539 1408">
     <span class='ocr_line' id='line_1_27' title="bbox 469 1333 1539 1408; baseline -0.001 -16"><span class='ocrx_word' id='word_1_85' title='bbox 469 1339 670 1408; x_wconf 88' lang='grc' dir='ltr'><em>βέβηκε</em></span> <span class='ocrx_word' id='word_1_86' title='bbox 695 1336 985 1408; x_wconf 87' lang='grc' dir='ltr'><em>πηδήσασα</em></span> <span class='ocrx_word' id='word_1_87' title='bbox 1011 1338 1316 1401; x_wconf 86' lang='grc' dir='ltr'><em>Καπανέως</em></span> <span class='ocrx_word' id='word_1_88' title='bbox 1341 1333 1539 1407; x_wconf 88' lang='grc' dir='ltr'><em>δάμαρ,</em></span> 
     </span>
    </p>

    <p class='ocr_par' dir='ltr' id='par_1_23' title="bbox 466 1414 1935 1663">
     <span class='ocr_line' id='line_1_28' title="bbox 466 1414 1935 1492; baseline 0.001 -16"><span class='ocrx_word' id='word_1_89' title='bbox 466 1430 666 1477; x_wconf 85' lang='grc' dir='ltr'><em>θανεῖν</em></span> <span class='ocrx_word' id='word_1_90' title='bbox 690 1424 869 1492; x_wconf 93' lang='grc' dir='ltr'><em>ἐρῶσα</em></span> <span class='ocrx_word' id='word_1_91' title='bbox 892 1420 1001 1477; x_wconf 79' lang='grc' dir='ltr'><em>συν</em></span> <span class='ocrx_word' id='word_1_92' title='bbox 1024 1422 1197 1478; x_wconf 85' lang='grc' dir='ltr'><em>πόσει.</em></span> <span class='ocrx_word' id='word_1_93' title='bbox 1256 1422 1459 1492; x_wconf 88' lang='grc' dir='ltr'><em>χρόνον</em></span> <span class='ocrx_word' id='word_1_94' title='bbox 1485 1422 1585 1492; x_wconf 78' lang='grc' dir='ltr'><em>μὲν</em></span> <span class='ocrx_word' id='word_1_95' title='bbox 1611 1414 1714 1476; x_wconf 76' lang='grc' dir='ltr'><em>οὖν</em></span> <span class='ocrx_word' id='word_1_96' title='bbox 1826 1436 1935 1477; x_wconf 73' lang='lat'>1040</span> 
     </span>
     <span class='ocr_line' id='line_1_29' title="bbox 467 1503 1821 1578; baseline 0.001 -17"><span class='ocrx_word' id='word_1_97' title='bbox 467 1505 565 1562; x_wconf 83' lang='grc' dir='ltr'><em>τὸν</em></span> <span class='ocrx_word' id='word_1_98' title='bbox 590 1503 795 1576; x_wconf 77' lang='grc' dir='ltr'><em>πρόσθ’</em></span> <span class='ocrx_word' id='word_1_99' title='bbox 825 1504 1139 1578; x_wconf 81' lang='grc' dir='ltr'><em>ἐφρουρεῖτ’</em></span> <span class='ocrx_word' id='word_1_100' title='bbox 1167 1510 1227 1562; x_wconf 88' lang='grc' dir='ltr'><em>ἐν</em></span> <span class='ocrx_word' id='word_1_101' title='bbox 1251 1507 1464 1578; x_wconf 90' lang='grc' dir='ltr'><em>δόμοις·</em></span> <span class='ocrx_word' id='word_1_102' title='bbox 1492 1506 1610 1562; x_wconf 83' lang='grc' dir='ltr'><em>ἐπεὶ</em></span> <span class='ocrx_word' id='word_1_103' title='bbox 1634 1503 1686 1560; x_wconf 86' lang='grc' dir='ltr'><em>δ’</em></span> <span class='ocrx_word' id='word_1_104' title='bbox 1717 1509 1821 1577; x_wconf 85' lang='grc' dir='ltr'><em>ἐγω</em></span> 
     </span>
     <span class='ocr_line' id='line_1_30' title="bbox 469 1588 1655 1663; baseline 0 -17"><span class='ocrx_word' id='word_1_105' title='bbox 469 1590 722 1661; x_wconf 79' lang='grc' dir='ltr'><em>φυλακὰς</em></span> <span class='ocrx_word' id='word_1_106' title='bbox 745 1588 921 1661; x_wconf 69' lang='grc' dir='ltr'><em>ἀνῆκα</em></span> <span class='ocrx_word' id='word_1_107' title='bbox 945 1605 1056 1657; x_wconf 86' lang='grc' dir='ltr'><em>τοῖς</em></span> <span class='ocrx_word' id='word_1_108' title='bbox 1082 1598 1428 1663; x_wconf 76' lang='grc' dir='ltr'><em>παρεστῶσιν</em></span> <span class='ocrx_word' id='word_1_109' title='bbox 1449 1603 1655 1662; x_wconf 78' lang='grc' dir='ltr'><em>κακοῖς,</em></span> 
     </span>
    </p>

    <p class='ocr_par' dir='ltr' id='par_1_24' title="bbox 467 1673 1503 1750">
     <span class='ocr_line' id='line_1_31' title="bbox 467 1673 1503 1750; baseline 0 -19"><span class='ocrx_word' id='word_1_110' title='bbox 467 1678 719 1748; x_wconf 83' lang='grc' dir='ltr'><em>βέβηκεν.</em></span> <span class='ocrx_word' id='word_1_111' title='bbox 776 1673 914 1732; x_wconf 75' lang='grc' dir='ltr'><em>ἀλλὰ</em></span> <span class='ocrx_word' id='word_1_112' title='bbox 937 1680 1071 1750; x_wconf 79' lang='grc' dir='ltr'><em>τῇδέ</em></span> <span class='ocrx_word' id='word_1_113' title='bbox 1094 1701 1183 1733; x_wconf 90' lang='grc' dir='ltr'><em>νιν</em></span> <span class='ocrx_word' id='word_1_114' title='bbox 1209 1677 1503 1747; x_wconf 77' lang='grc' dir='ltr'><em>δοξάζομεν</em></span> 
     </span>
    </p>

    <p class='ocr_par' dir='ltr' id='par_1_25' title="bbox 471 1757 1632 1833">
     <span class='ocr_line' id='line_1_32' title="bbox 471 1757 1632 1833; baseline -0.001 -17"><span class='ocrx_word' id='word_1_115' title='bbox 471 1759 686 1832; x_wconf 81' lang='grc' dir='ltr'><em>μάλιστ’</em></span> <span class='ocrx_word' id='word_1_116' title='bbox 715 1757 784 1816; x_wconf 76' lang='grc' dir='ltr'><em>ἂν</em></span> <span class='ocrx_word' id='word_1_117' title='bbox 810 1761 977 1817; x_wconf 83' lang='grc' dir='ltr'><em>εἶναι·</em></span> <span class='ocrx_word' id='word_1_118' title='bbox 1004 1760 1225 1833; x_wconf 82' lang='grc' dir='ltr'><em>φράζετ’</em></span> <span class='ocrx_word' id='word_1_119' title='bbox 1256 1768 1306 1818; x_wconf 84' lang='grc' dir='ltr'><em>εἰ</em></span> <span class='ocrx_word' id='word_1_120' title='bbox 1328 1766 1632 1818; x_wconf 87' lang='grc' dir='ltr'><em>κατοίδατε.</em></span> 
     </span>
    </p>

    <p class='ocr_par' dir='ltr' id='par_1_26' title="bbox 467 1844 1934 2002">
     <span class='ocr_line' id='line_1_33' title="bbox 467 1844 1934 1920; baseline 0 -19"><span class='ocrx_word' id='word_1_121' title='bbox 467 1853 523 1901; x_wconf 89' lang='grc' dir='ltr'><em>τί</em></span> <span class='ocrx_word' id='word_1_122' title='bbox 541 1844 694 1902; x_wconf 82' lang='grc' dir='ltr'><em>τάσδ’</em></span> <span class='ocrx_word' id='word_1_123' title='bbox 725 1849 959 1920; x_wconf 73' lang='grc' dir='ltr'><em>ἐρωτᾷςς</em></span> <span class='ocrx_word' id='word_1_124' title='bbox 985 1844 1076 1918; x_wconf 79' lang='grc' dir='ltr'><em>ἥδ’</em></span> <span class='ocrx_word' id='word_1_125' title='bbox 1110 1846 1215 1919; x_wconf 76' lang='grc' dir='ltr'><em>ἐγώ</em></span> <span class='ocrx_word' id='word_1_126' title='bbox 1241 1849 1442 1919; x_wconf 85' lang='grc' dir='ltr'><em>πέτρας</em></span> <span class='ocrx_word' id='word_1_127' title='bbox 1467 1853 1555 1903; x_wconf 81' lang='grc' dir='ltr'><em>ε”πι</em></span> <span class='ocrx_word' id='word_1_128' title='bbox 1827 1860 1934 1902; x_wconf 79' lang='lat'>1045</span> 
     </span>
     <span class='ocr_line' id='line_1_34' title="bbox 472 1928 1574 2002; baseline 0 -16"><span class='ocrx_word' id='word_1_129' title='bbox 472 1928 622 2002; x_wconf 77' lang='grc' dir='ltr'><em>ὅρνις</em></span> <span class='ocrx_word' id='word_1_130' title='bbox 645 1955 724 1996; x_wconf 85' lang='grc' dir='ltr'><em>τις</em></span> <span class='ocrx_word' id='word_1_131' title='bbox 749 1929 880 1987; x_wconf 80' lang='grc' dir='ltr'><em>ῶσεὶ</em></span> <span class='ocrx_word' id='word_1_132' title='bbox 902 1934 1207 1997; x_wconf 86' lang='grc' dir='ltr'><em>Καπανέως</em></span> <span class='ocrx_word' id='word_1_133' title='bbox 1231 1930 1371 2002; x_wconf 74' lang='grc' dir='ltr'><em>ὑπὲρ</em></span> <span class='ocrx_word' id='word_1_134' title='bbox 1396 1937 1574 2001; x_wconf 83' lang='grc' dir='ltr'><em>πυρᾶς</em></span> 
     </span>
    </p>

    <p class='ocr_par' dir='ltr' id='par_1_27' title="bbox 469 2015 1527 2089">
     <span class='ocr_line' id='line_1_35' title="bbox 469 2015 1527 2089; baseline 0 -19"><span class='ocrx_word' id='word_1_135' title='bbox 469 2015 746 2087; x_wconf 82' lang='grc' dir='ltr'><em>δύστηνον</em></span> <span class='ocrx_word' id='word_1_136' title='bbox 770 2017 1019 2088; x_wconf 84' lang='grc' dir='ltr'><em>αἰώρημα</em></span> <span class='ocrx_word' id='word_1_137' title='bbox 1044 2023 1316 2089; x_wconf 83' lang='grc' dir='ltr'><em>κουφίζω,</em></span> <span class='ocrx_word' id='word_1_138' title='bbox 1342 2016 1527 2086; x_wconf 91' lang='grc' dir='ltr'><em>πάτερ.</em></span> 
     </span>
    </p>

    <p class='ocr_par' dir='ltr' id='par_1_28' title="bbox 465 2098 1701 2172">
     <span class='ocr_line' id='line_1_36' title="bbox 465 2098 1701 2172; baseline 0.001 -17"><span class='ocrx_word' id='word_1_139' title='bbox 465 2103 685 2171; x_wconf 84' lang='grc' dir='ltr'><em>τέκνον,</em></span> <span class='ocrx_word' id='word_1_140' title='bbox 716 2107 796 2165; x_wconf 89' lang='grc' dir='ltr'><em>τίς</em></span> <span class='ocrx_word' id='word_1_141' title='bbox 820 2098 994 2172; x_wconf 74' lang='grc' dir='ltr'><em>αὔρα;</em></span> <span class='ocrx_word' id='word_1_142' title='bbox 1021 2108 1101 2166; x_wconf 92' lang='grc' dir='ltr'><em>τίς</em></span> <span class='ocrx_word' id='word_1_143' title='bbox 1125 2102 1344 2168; x_wconf 84' lang='grc' dir='ltr'><em>στόλος;</em></span> <span class='ocrx_word' id='word_1_144' title='bbox 1369 2106 1517 2165; x_wconf 86' lang='grc' dir='ltr'><em>τίνος</em></span> <span class='ocrx_word' id='word_1_145' title='bbox 1542 2101 1701 2172; x_wconf 88' lang='grc' dir='ltr'><em>χάριν</em></span> 
     </span>
    </p>

    <p class='ocr_par' dir='ltr' id='par_1_29' title="bbox 468 2179 1669 2258">
     <span class='ocr_line' id='line_1_37' title="bbox 468 2179 1669 2258; baseline 0.001 -18"><span class='ocrx_word' id='word_1_146' title='bbox 468 2185 655 2257; x_wconf 90' lang='grc' dir='ltr'><em>δόμων</em></span> <span class='ocrx_word' id='word_1_147' title='bbox 681 2183 952 2257; x_wconf 81' lang='grc' dir='ltr'><em>ὑπερβᾶσ’</em></span> <span class='ocrx_word' id='word_1_148' title='bbox 981 2179 1150 2258; x_wconf 81' lang='grc' dir='ltr'><em>ἦλθες</em></span> <span class='ocrx_word' id='word_1_149' title='bbox 1178 2192 1254 2252; x_wconf 83' lang='grc' dir='ltr'><em>είς</em></span> <span class='ocrx_word' id='word_1_150' title='bbox 1276 2186 1441 2258; x_wconf 85' lang='grc' dir='ltr'><em>τήνδε</em></span> <span class='ocrx_word' id='word_1_151' title='bbox 1463 2185 1669 2257; x_wconf 86' lang='grc' dir='ltr'><em>χθόνα;</em></span> 
     </span>
    </p>

    <p class='ocr_par' dir='ltr' id='par_1_30' title="bbox 466 2267 1934 2428">
     <span class='ocr_line' id='line_1_38' title="bbox 466 2267 1934 2342; baseline -0.001 -17"><span class='ocrx_word' id='word_1_152' title='bbox 466 2267 641 2342; x_wconf 84' lang='grc' dir='ltr'><em>ὀργὴν</em></span> <span class='ocrx_word' id='word_1_153' title='bbox 665 2271 851 2341; x_wconf 90' lang='grc' dir='ltr'><em>λάβοις</em></span> <span class='ocrx_word' id='word_1_154' title='bbox 875 2267 944 2326; x_wconf 78' lang='grc' dir='ltr'><em>ἂν</em></span> <span class='ocrx_word' id='word_1_155' title='bbox 967 2277 1079 2327; x_wconf 86' lang='grc' dir='ltr'><em>τῶν</em></span> <span class='ocrx_word' id='word_1_156' title='bbox 1103 2274 1250 2342; x_wconf 87' lang='grc' dir='ltr'><em>ἐμῶν</em></span> <span class='ocrx_word' id='word_1_157' title='bbox 1274 2270 1672 2342; x_wconf 88' lang='grc' dir='ltr'><em>βουλευμάτων</em></span> <span class='ocrx_word' id='word_1_158' title='bbox 1825 2285 1934 2325; x_wconf 80' lang='lat'>1050</span> 
     </span>
     <span class='ocr_line' id='line_1_39' title="bbox 470 2352 1740 2428; baseline 0.001 -18"><span class='ocrx_word' id='word_1_159' title='bbox 470 2355 657 2411; x_wconf 81' lang='grc' dir='ltr'><em>κλύων</em></span> <span class='ocrx_word' id='word_1_160' title='bbox 676 2375 686 2385; x_wconf 89' lang='grc'><em>·</em></span> <span class='ocrx_word' id='word_1_161' title='bbox 715 2353 948 2411; x_wconf 76' lang='grc' dir='ltr'><em>ἀκοῦσαι</em></span> <span class='ocrx_word' id='word_1_162' title='bbox 973 2354 1027 2412; x_wconf 85' lang='grc' dir='ltr'><em>δ’</em></span> <span class='ocrx_word' id='word_1_163' title='bbox 1056 2352 1125 2411; x_wconf 74' lang='grc' dir='ltr'><em>οὔ</em></span> <span class='ocrx_word' id='word_1_164' title='bbox 1148 2375 1209 2412; x_wconf 87' lang='grc' dir='ltr'><em>σε</em></span> <span class='ocrx_word' id='word_1_165' title='bbox 1232 2356 1528 2428; x_wconf 82' lang='grc' dir='ltr'><em>βούλομαι,</em></span> <span class='ocrx_word' id='word_1_166' title='bbox 1554 2355 1740 2427; x_wconf 89' lang='grc' dir='ltr'><em>πάτερ.</em></span> 
     </span>
    </p>

    <p class='ocr_par' dir='ltr' id='par_1_31' title="bbox 465 2437 1702 2512">
     <span class='ocr_line' id='line_1_40' title="bbox 465 2437 1702 2512; baseline 0 -17"><span class='ocrx_word' id='word_1_167' title='bbox 465 2445 523 2495; x_wconf 89' lang='grc' dir='ltr'><em>τί</em></span> <span class='ocrx_word' id='word_1_168' title='bbox 542 2444 574 2495; x_wconf 91' lang='grc' dir='ltr'><em>δ</em></span> <span class='ocrx_word' id='word_1_169' title='bbox 583 2438 595 2458; x_wconf 81' lang='grc'><strong><em>’</em></strong></span> <span class='ocrx_word' id='word_1_170' title='bbox 617 2466 629 2507; x_wconf 88' lang='grc'>;</span> <span class='ocrx_word' id='word_1_171' title='bbox 656 2437 723 2496; x_wconf 86' lang='grc' dir='ltr'><em>ού</em></span> <span class='ocrx_word' id='word_1_172' title='bbox 750 2445 969 2496; x_wconf 77' lang='grc' dir='ltr'><em>δίκαιον</em></span> <span class='ocrx_word' id='word_1_173' title='bbox 993 2444 1197 2512; x_wconf 90' lang='grc' dir='ltr'><em>πατέρα</em></span> <span class='ocrx_word' id='word_1_174' title='bbox 1222 2440 1319 2497; x_wconf 82' lang='grc' dir='ltr'><em>τὸν</em></span> <span class='ocrx_word' id='word_1_175' title='bbox 1341 2439 1442 2496; x_wconf 85' lang='grc' dir='ltr'><em>σὸν</em></span> <span class='ocrx_word' id='word_1_176' title='bbox 1467 2442 1702 2507; x_wconf 83' lang='grc' dir='ltr'><em>εἰδέναι;</em></span> 
     </span>
    </p>

    <p class='ocr_par' dir='ltr' id='par_1_32' title="bbox 467 2521 1585 2597">
     <span class='ocr_line' id='line_1_41' title="bbox 467 2521 1585 2597; baseline 0.002 -18"><span class='ocrx_word' id='word_1_177' title='bbox 467 2524 654 2596; x_wconf 84' lang='grc' dir='ltr'><em>κριτὴς</em></span> <span class='ocrx_word' id='word_1_178' title='bbox 681 2521 749 2581; x_wconf 74' lang='grc' dir='ltr'><em>ἂν</em></span> <span class='ocrx_word' id='word_1_179' title='bbox 775 2533 886 2596; x_wconf 87' lang='grc' dir='ltr'><em>εἰής</em></span> <span class='ocrx_word' id='word_1_180' title='bbox 912 2524 979 2581; x_wconf 81' lang='grc' dir='ltr'><em>οὐ</em></span> <span class='ocrx_word' id='word_1_181' title='bbox 1004 2524 1174 2597; x_wconf 77' lang='grc' dir='ltr'><em>σοφὸς</em></span> <span class='ocrx_word' id='word_1_182' title='bbox 1198 2525 1417 2597; x_wconf 87' lang='grc' dir='ltr'><em>γνώμης</em></span> <span class='ocrx_word' id='word_1_183' title='bbox 1440 2528 1585 2596; x_wconf 84' lang='grc' dir='ltr'><em>ἐμῆς.</em></span> 
     </span>
    </p>

    <p class='ocr_par' dir='ltr' id='par_1_33' title="bbox 467 2609 1655 2682">
     <span class='ocr_line' id='line_1_42' title="bbox 467 2609 1655 2682; baseline 0 -18"><span class='ocrx_word' id='word_1_184' title='bbox 467 2615 638 2682; x_wconf 84' lang='grc' dir='ltr'><em>σκευῇ</em></span> <span class='ocrx_word' id='word_1_185' title='bbox 664 2609 725 2665; x_wconf 77' lang='grc' dir='ltr'><em>δὲ</em></span> <span class='ocrx_word' id='word_1_186' title='bbox 750 2614 881 2682; x_wconf 80' lang='grc' dir='ltr'><em>τῇδε</em></span> <span class='ocrx_word' id='word_1_187' title='bbox 909 2616 1009 2666; x_wconf 84' lang='grc' dir='ltr'><em>τοῦ</em></span> <span class='ocrx_word' id='word_1_188' title='bbox 1035 2610 1197 2681; x_wconf 86' lang='grc' dir='ltr'><em>χάριν</em></span> <span class='ocrx_word' id='word_1_189' title='bbox 1219 2623 1437 2680; x_wconf 82' lang='grc' dir='ltr'><em>κοσμεῖς</em></span> <span class='ocrx_word' id='word_1_190' title='bbox 1462 2612 1655 2681; x_wconf 88' lang='grc' dir='ltr'><em>δέμας;</em></span> 
     </span>
    </p>

    <p class='ocr_par' dir='ltr' id='par_1_34' title="bbox 463 2687 1932 2851">
     <span class='ocr_line' id='line_1_43' title="bbox 463 2687 1932 2766; baseline 0 -18"><span class='ocrx_word' id='word_1_191' title='bbox 463 2695 619 2749; x_wconf 85' lang='grc' dir='ltr'><em>θέλει</em></span> <span class='ocrx_word' id='word_1_192' title='bbox 642 2718 692 2749; x_wconf 90' lang='grc' dir='ltr'><em>τι</em></span> <span class='ocrx_word' id='word_1_193' title='bbox 719 2693 915 2750; x_wconf 87' lang='grc' dir='ltr'><em>καινὸν</em></span> <span class='ocrx_word' id='word_1_194' title='bbox 940 2687 1099 2759; x_wconf 74' lang='grc' dir='ltr'><em>οὗτος</em></span> <span class='ocrx_word' id='word_1_195' title='bbox 1130 2692 1159 2750; x_wconf 82' lang='grc' dir='ltr'>ὁ</span> <span class='ocrx_word' id='word_1_196' title='bbox 1185 2694 1438 2766; x_wconf 85' lang='grc' dir='ltr'><em>στολμός,</em></span> <span class='ocrx_word' id='word_1_197' title='bbox 1468 2694 1653 2765; x_wconf 91' lang='grc' dir='ltr'><em>πάτερ.</em></span> <span class='ocrx_word' id='word_1_198' title='bbox 1831 2707 1932 2748; x_wconf 78' lang='lat'>1055</span> 
     </span>
     <span class='ocr_line' id='line_1_44' title="bbox 469 2775 1682 2851; baseline 0.001 -18"><span class='ocrx_word' id='word_1_199' title='bbox 469 2775 540 2842; x_wconf 81' lang='grc' dir='ltr'><em>ῶς</em></span> <span class='ocrx_word' id='word_1_200' title='bbox 565 2776 667 2834; x_wconf 79' lang='grc' dir='ltr'><em>οὐκ</em></span> <span class='ocrx_word' id='word_1_201' title='bbox 695 2775 770 2834; x_wconf 83' lang='grc' dir='ltr'><em>ἐπ’</em></span> <span class='ocrx_word' id='word_1_202' title='bbox 801 2775 965 2850; x_wconf 72' lang='grc' dir='ltr'><em>ἀνδρὶ</em></span> <span class='ocrx_word' id='word_1_203' title='bbox 988 2782 1257 2851; x_wconf 85' lang='grc' dir='ltr'><em>πένθιμος</em></span> <span class='ocrx_word' id='word_1_204' title='bbox 1280 2780 1504 2851; x_wconf 89' lang='grc' dir='ltr'><em>πρέπεις</em></span> <span class='ocrx_word' id='word_1_205' title='bbox 1528 2775 1682 2850; x_wconf 82' lang='grc' dir='ltr'><em>ὁρᾶν.</em></span> 
     </span>
    </p>

    <p class='ocr_par' dir='ltr' id='par_1_35' title="bbox 470 2862 1683 2935">
     <span class='ocr_line' id='line_1_45' title="bbox 470 2862 1683 2935; baseline -0.001 -17"><span class='ocrx_word' id='word_1_206' title='bbox 470 2867 547 2928; x_wconf 80' lang='grc' dir='ltr'><em>εἰς</em></span> <span class='ocrx_word' id='word_1_207' title='bbox 570 2862 674 2933; x_wconf 88' lang='grc' dir='ltr'><em>γάρ</em></span> <span class='ocrx_word' id='word_1_208' title='bbox 701 2887 751 2918; x_wconf 94' lang='grc' dir='ltr'><em>τι</em></span> <span class='ocrx_word' id='word_1_209' title='bbox 777 2869 1000 2934; x_wconf 81' lang='grc' dir='ltr'><em>πρᾶγμα</em></span> <span class='ocrx_word' id='word_1_210' title='bbox 1023 2862 1259 2935; x_wconf 86' lang='grc' dir='ltr'><em>νεοχμὸν</em></span> <span class='ocrx_word' id='word_1_211' title='bbox 1285 2863 1683 2934; x_wconf 87' lang='grc' dir='ltr'><em>ἐσκευάσμεθα.</em></span> 
     </span>
    </p>
   </div>
  </div>
 </body>
</html>
