2022 3126
228 1933 337 1981 XO.

226 2271 349 2323 ME.

842 72 1306 119 ΑΝΔΡΟΜΑΧΗ

416 211 558 284 αὐτὴ
587 214 647 269 δὲ
673 212 846 283 δούλη
872 218 1013 276 ναῦς
1038 211 1123 268 ἐπ’
1147 210 1414 284 Ἀργείων
1440 219 1576 285 ἔβην

416 300 587 371 κόμης
614 295 1002 354 ἐπισπασθεῖσ’
1024 316 1035 325 ·
1063 300 1183 353 ἐπεὶ
1208 303 1242 353 δ
1251 295 1263 315 ’
1293 295 1578 370 ἀφικόμην

413 391 632 454 Φθίαν,
661 379 1204 454 φονεῦσινἝκτορος
1227 384 1604 456 νυμφεύομαι.

413 477 471 526 τί
491 466 602 540 δῆτ’
635 469 755 539 ἐμοὶ
781 473 877 538 ζῆν
900 463 1042 537 ἡδύ;
1069 466 1206 539 πρὸς
1230 475 1288 523 τί
1306 468 1409 540 χρὴ
1435 472 1695 541 βλέπειν;

413 553 553 624 πρὸς
577 552 672 618 τὰς
697 552 984 622 παρούσας
1008 549 1043 623 ἢ
1067 554 1459 624 παρελθούσας
1485 554 1682 624 τύχας;
1817 567 1903 608 405

415 637 492 705 εἷς
517 652 644 704 παῖς
670 635 756 693 ὅδ’
787 630 857 708 «ἧν
885 660 978 709 μοι
1004 637 1194 702 λοιπὸς
1219 636 1514 710 ὀφθαλμὸς
1544 645 1700 710 βίον·

413 731 612 781 τοῦτον
637 737 862 779 κτανεῖν
885 726 1185 795 μέλλουσιν
1214 720 1295 789 οἷς
1321 729 1480 780 δοκεῖ
1500 725 1647 780 τάδε.

413 808 481 866 οὐ
509 815 646 880 δῆτα
671 806 884 881 τούμοῦ
912 804 967 879 γ’
1003 806 1164 866 εἵνεκ’
1194 807 1401 865 ἀθλίου
1426 816 1585 882 βίου·

415 900 476 951 ἐν
501 900 644 970 τῷδε
667 895 769 966 μὲν
796 893 902 966 γὰρ
933 897 1113 964 ἐλπίς,
1144 900 1195 949 εἰ
1216 895 1558 966 σωθήσεται·

416 984 535 1053 ἐμοὶ
562 986 593 1036 δ
604 978 615 999 ⁷
644 978 862 1045 ὄνειδος
887 979 960 1051 μὴ
986 988 1188 1036 θανεῖν
1212 977 1354 1052 ὑπὲρ
1381 984 1597 1036 τέκνου.
1820 994 1905 1035 410

419 1065 544 1123 ἰδοὺ
570 1072 854 1138 προλείπω
880 1064 1072 1137 βωμὸν
1097 1062 1198 1137 ἥδε
1221 1089 1400 1139 χειρια

414 1150 646 1224 σφαζειν
672 1152 971 1221 φονεύειν,
998 1155 1119 1207 δεῖν
1134 1149 1487 1223 ,ἆπαρτῆσαι
1515 1154 1701 1224 δέρην

416 1240 458 1293 ὦ
484 1240 710 1307 τέκνον,
735 1260 769 1308 η
792 1237 1032 1292 τεκοῦσα
1055 1234 1106 1291 6'
1116 1261 1234 1307 ,ως
1259 1236 1330 1293 σὺ
1355 1236 1428 1308 μὴ
1455 1237 1653 1311 θάνῃς,

412 1330 607 1394 στείχω
639 1321 777 1394 πρὸς
798 1319 1023 1393 Ἀιδην·
1051 1345 1122 1393 ην
1150 1319 1200 1377 δ’
1231 1320 1591 1396 υπεκδράμῃς
1623 1323 1816 1394 μόρον,

412 1411 656 1480 μέμνησο
681 1407 886 1516 μητρός
900 1451 914 1476 ,
941 1414 1030 1462 οἱα
1052 1405 1207 1462 τλᾶσ’
1238 1405 1558 1480 ἀπωλόμην,
1820 1422 1902 1464 415

413 1496 507 1550 καὶ
531 1495 698 1563 πατρὶ
723 1499 799 1568 τῷ
825 1499 904 1567 σῷ
931 1492 1026 1548 διὰ
1049 1493 1379 1601 φιληματων
1405 1492 1507 1549 ι’ὠν

414 1579 634 1651 δάκρυα
656 1601 715 1634 τε
739 1585 946 1650 λείβων
972 1602 1062 1634 και
1089 1580 1484 1647 περιπτύσσων
1509 1581 1672 1681 χέρας

413 1662 521 1736 λε”γ
550 1660 606 1720 οἷ
613 1662 878 1737 ἐ’πραξα.
927 1671 1061 1720 πᾶσι
1087 1661 1139 1719 δ’
1170 1662 1496 1736 ἀνθρώποις
1520 1661 1601 1735 ἄρ’
1631 1666 1704 1736 ἦν

412 1748 561 1821 ψυχη
589 1748 757 1805 τέκν’·
787 1747 937 1815 ὅστις
963 1747 1015 1805 δ’
1046 1747 1161 1805 αύτ’
1195 1773 1420 1821 απειρος
1447 1774 1527 1806 ων
1554 1753 1730 1821 ψέγει,

411 1829 584 1908 ἧσσον
607 1836 708 1906 μὲν
735 1833 918 1907 ἀλγεῖ,
947 1840 1242 1906 δυστυχῶν
1275 1834 1328 1892 δ’
1361 1834 1701 1906 εὐδαιμονεῖ.
1813 1849 1898 1890 420

411 1918 624 1997 9’2'xvec9'
662 1918 929 1977 ἀκούσασ’
950 1940 960 1949 ·
1001 1920 1195 1991 οἰκτρὰ
1217 1920 1324 1991 γὰρ
1349 1921 1415 1977 τὰ
1440 1926 1687 1991 δυστυχῆ

412 2013 631 2079 βροτοῖς
657 2004 855 2076 ἅπασι,
883 2003 990 2061 κᾶν
1014 2015 1251 2076 θυραῖος
1277 2003 1357 2062 ι-ὂν
1385 2012 1549 2079 κυρῇ.

415 2098 490 2157 εἰς
515 2092 789 2164 ξύμβασιν
815 2093 877 2148 δὲ
901 2098 1041 2162 χρῆν
1069 2112 1131 2147 σε
1157 2097 1329 2148 παῖδα
1354 2092 1459 2163 σὴν
1485 2090 1662 2163 ἄγειν,

566 2180 578 2198 ι
806 2174 1181 2199 xxxxx
1462 2184 1483 2193 ι
1569 2178 1580 2194 f

414 2264 662 2334 λάβεσθέ
681 2286 772 2334 μοι
796 2260 977 2334 τῆσδ’,
1005 2260 1405 2334 ἆμφελίξαντες
1428 2265 1608 2335 χέρας,
1817 2277 1902 2320 425

415 2353 618 2419 δμῶες·
647 2348 849 2420 λόγους
873 2348 979 2419 γὰρ
1010 2345 1077 2403 ού
1104 2354 1305 2419 φίλους
1331 2347 1645 2405 ἀκούσεται.

413 2435 600 2508 ἔγωγ’,
652 2432 716 2488 ἵν’
751 2431 926 2504 ἁγνὸν
953 2433 1148 2505 βωμὸν
1173 2437 1418 2498 ἐκλίποις
1443 2440 1597 2502 θεᾶς,

412 2519 715 2591 προύτεινα
741 2518 938 2584 παιδὸς
961 2520 1240 2590 θάνατον,
1269 2512 1313 2594 ᾦ
1336 2517 1387 2575 6'
1417 2516 1710 2590 ὑπήγαγον

413 2609 491 2669 εἰς
514 2617 699 2674 χεῖρας
725 2607 917 2660 ἐλθεῖν
943 2604 1039 2669 τὰς
1063 2604 1193 2676 ἐμὰς
1219 2607 1308 2660 ἐπὶ
1331 2605 1573 2676 σφαγήν.

411 2690 505 2745 καὶ
527 2688 703 2760 τάμφὶ
728 2696 832 2744 σοῦ
855 2690 957 2761 μὲν
982 2682 1083 2746 156²
1113 2687 1278 2761 ἔχοντ’
1308 2692 1567 2745 ἐπίστασο
1583 2708 1593 2719 ·
1811 2703 1898 2746 430

410 2773 477 2829 τὰ
503 2771 555 2830 δ’
585 2772 728 2846 ἀμφὶ
753 2774 950 2840 παιδὸς
972 2778 1141 2831 τοῦδε
1165 2787 1293 2839 παῖς
1318 2774 1420 2846 ἐμὴ
1445 2787 1643 2846 κρινεῖ,

412 2857 483 2929 ἥν
507 2882 566 2914 τε
591 2872 817 2915 κτανεῖν
841 2883 934 2915 νιν
957 2857 1029 2930 ἥν
1053 2883 1111 2915 τε
1137 2859 1211 2930 μὴ
1236 2874 1465 2916 κτανεῖν
1503 2860 1660 2925 θέλῃ.
