2022 3126
783 85 1196 133 ΙΠΠΟΛΥΤΟΣ
1694 86 1793 137 435

330 227 595 298 προσθεὶς
617 224 722 297 γὰρ
749 223 777 280 ὁ
801 230 1029 296 σπείρας
1049 248 1108 280 τε
1132 227 1224 281 καὶ
1247 226 1462 295 θρέψας
1486 226 1662 298 πατὴρ

333 309 539 380 φερνὰς
563 306 818 385 ἀπῴκισ’,
845 306 917 374 ὡς
940 307 1268 382 ἀπαλλαχθῇ
1291 315 1468 365 κακοῦ
1484 329 1494 339 ·

331 393 359 449 ὁ
386 392 437 450 δ’
465 387 538 449 αὖ
562 393 750 463 λαβὼν
773 390 979 464 ἀτηρὸν
1004 399 1079 458 εἰς
1105 394 1305 465 δόμους
1332 393 1512 464 φυτὸν
1714 410 1796 453 630

331 482 536 550 γέγηθε
564 480 771 549 κόσμον
794 479 1114 549 προστιθεὶς
1138 475 1406 549 ἀγάλματι

327 562 497 618 καλὸν
519 570 758 637 κακίστῳ
783 564 876 617 καὶ
898 564 1188 618 πέπλοισιν
1211 566 1437 618 ἐκπονεῖ

329 647 623 718 δύστηνος,
651 645 819 717 ὄλβον
845 646 1113 717 δωμάτων
1135 644 1434 713 ὑπεξελών.

329 737 437 802 ἔχει
468 729 520 786 δ’
550 730 822 803 ἀνάγκην,
850 728 987 786 ὥστε
1014 731 1288 802 κηδεύσας
1310 739 1496 795 καλοῖς

328 822 623 887 γαμβροῖσι
645 822 853 886 χαίρων
882 815 1106 882 σώζεται
1129 815 1329 886 πικρὸν
1353 817 1525 885 λέχος,
1712 830 1794 873 635

327 896 362 970 ἢ
383 898 588 970 χρηστὰ
615 901 840 970 λέκτρα,
878 898 1191 971 πενθεροὺς
1215 898 1266 955 δ’
1295 897 1600 970 ἀνωφελεῖς

325 983 512 1054 λαβὼν
535 987 702 1051 πιέζει
731 981 957 1057 τάγαθῷ
983 982 1042 1039 τὸ
1072 987 1353 1054 δυστυχές.

325 1071 526 1141 ῥᾷστον
549 1065 601 1123 δ’
628 1065 736 1142 ὅτῳ
760 1066 821 1122 τὸ
844 1069 1043 1139 μηδέν,
1069 1065 1191 1123 ἀλλ’
1219 1066 1509 1139 ἀνωφελὴς

327 1149 532 1226 εὐηθία
554 1150 674 1207 κατ’
703 1151 858 1207 οἶκον
882 1156 1103 1221 ἵδρυται
1126 1153 1286 1224 γυνή.

322 1234 505 1307 σοφὴν
535 1236 595 1291 δὲ
618 1243 759 1307 μισῶ
774 1256 785 1265 ·
810 1235 883 1307 μὴ
907 1236 1011 1308 γὰρ
1037 1243 1098 1292 ἐν
1120 1235 1174 1308 γ’
1205 1240 1354 1308 ἐμοῖς
1377 1236 1567 1308 δόμοις
1709 1251 1793 1294 640

325 1329 408 1392 εἰή
434 1326 721 1390 φρονοῦσα
745 1328 938 1376 πλεῖον
961 1318 997 1392 ἢ
1019 1335 1260 1392 γυναῖκα
1283 1321 1402 1393 χρή.

320 1404 379 1459 τὸ
407 1404 510 1477 γὰρ
528 1411 848 1477 πανοῦργον
870 1410 1080 1476 μᾶλλον
1103 1409 1334 1462 ἐντίκτει
1357 1405 1577 1478 Κύπρις

322 1492 381 1544 ἐν
404 1502 519 1553 ταῖς
545 1502 803 1561 σοφαῖσιν
819 1508 829 1518 ·
856 1487 887 1559 ἡ
914 1488 968 1545 δ’
997 1487 1270 1561 ἀμήχανος
1292 1489 1435 1562 γυνὴ

321 1574 513 1646 γνώμῃ
539 1579 770 1647 βραχείᾳ
793 1580 1009 1646 μωρίαν
1032 1573 1310 1648 ἀφῃρέθη·

320 1663 459 1728 χρῆν
482 1663 515 1712 δ
522 1655 534 1675 '
566 1664 641 1722 εἰς
665 1671 903 1729 γυναῖκα
927 1659 1244 1730 πρόσπολον
1266 1660 1368 1731 μὲν
1391 1657 1459 1714 οὐ
1485 1665 1678 1731 περᾶν,
1705 1674 1788 1717 645

321 1739 585 1813 ἄφθογγα
611 1740 661 1797 δ’
691 1740 882 1807 αὐταῖς
904 1750 1340 1813 συγκατοικίζειν
1370 1743 1511 1814 δάκη

320 1832 546 1897 θηρῶν,
572 1824 646 1881 ἵν’
676 1826 823 1897 εἶχον
846 1827 979 1898 μήτε
1005 1841 1362 1900 προσφωνεῖν
1387 1851 1510 1883 τινα

317 1908 441 1981 μήτ’
473 1913 525 1977 ἐξ
550 1915 782 1967 ἐκείνων
805 1914 1031 1983 φθέγμα
1056 1914 1319 1979 δέξασθαι
1342 1912 1523 1968 πάλιν.

317 2001 425 2049 νῦν
450 1992 504 2050 δ’
532 2000 594 2051 αὶ
611 2019 713 2067 μεν
736 2000 900 2052 ἔνδον
924 2001 1134 2068 δρωσιν
1157 2001 1219 2052 αἱ
1236 1999 1401 2053 κακαὶ
1420 2020 1561 2052 κακα

317 2077 671 2150 βουλεύματ’
702 2083 802 2147 ἔξω
829 2078 881 2136 δ’
909 2083 1206 2153 ἐκφέρουσι
1229 2081 1549 2154 πρόσπολοι.
1702 2095 1786 2138 650

318 2185 388 2227 ως
411 2165 502 2218 καὶ
525 2164 596 2219 σύ
618 2162 671 2234 γ’
699 2163 830 2237 ἡμῖν
855 2166 1084 2237 πατρός,
1112 2189 1155 2221 ω
1179 2165 1352 2222 κακὸν
1374 2165 1531 2235 κάρα,

315 2249 557 2317 λέκτρων
584 2245 832 2304 ἀθίκτων
853 2242 1026 2320 ἦλθες
1051 2256 1126 2316 εἰς
1151 2249 1523 2320 συναλλαγας·

318 2328 432 2401 ἁγω
460 2334 643 2401 ῥυτοῖς
666 2346 959 2404 νασμοῖσιν
983 2335 1355 2405 ἐξομόρξομαι,

318 2420 393 2480 εἰς
417 2439 527 2471 ωτα
550 2417 779 2484 κλύζων.
805 2439 920 2482 πως
945 2442 1014 2473 αν
1039 2421 1143 2474 οὐν
1168 2428 1287 2490 εἴην
1310 2419 1492 2488 κακός,

317 2496 375 2564 ὃς
401 2497 526 2556 οὐδ’
555 2498 795 2566 ἀκούσας
821 2500 998 2558 τοιαδ’
1028 2500 1286 2575 ἁγνεύειν
1312 2509 1488 2560 δοκω·
1475 2547 1488 2570 ,
1700 2518 1781 2561 655

317 2575 381 2639 εὖ
405 2581 460 2639 δ’
489 2593 635 2655 ἴσθι,
661 2583 869 2657 τούμόν
891 2583 947 2642 σ’
973 2585 1196 2659 εὐσεβὲς
1218 2588 1401 2658 σώζει,
1427 2587 1618 2659 γύναι·

313 2673 365 2723 εἰ
386 2667 460 2739 μὴ
485 2668 589 2741 γὰρ
614 2667 800 2740 ὅρκοις
821 2677 976 2727 θεῶν
998 2668 1276 2744 ἄφρακτος
1297 2671 1529 2746 ᾑρέθην,

314 2750 417 2808 οὐκ
444 2749 514 2808 ἄν
539 2751 659 2810 ποτ’
688 2760 848 2825 ἔσχον
870 2754 943 2827 μὴ
970 2753 1038 2811 οὐ
1062 2755 1185 2812 ταδ’
1213 2760 1448 2824 ἐξειπεῖν
1465 2778 1645 2828 πατρι.

313 2842 421 2891 νῦν
446 2834 498 2892 δ’
526 2840 586 2893 ἐκ
608 2838 796 2898 δόιιων
819 2841 946 2910 μέν,
975 2839 1089 2897 ἔστ’
1114 2838 1183 2898 ἂν
1208 2848 1442 2915 ἔκδημος
1464 2840 1665 2912 χθονὸς

1400 2923 1504 2973 28*
