2022 3126
104 2252 204 2300 llEt

102 2675 201 2724 adl.

103 2761 219 2808 1113.

105 2845 201 2893 <412

812 76 1080 123 .321Ez3211
1649 73 1743 125 lll

284 209 410 287 ᾖσσ’
448 219 624 273 ἐκεῖσε
674 207 787 289 κᾷτ’
828 218 1030 284 ἐκεῖσε,
1080 215 1293 285 δμωσὶν
1331 210 1600 289 Ἀχελῷον
1648 216 1750 287 φέ-

850 322 970 371 ρειν
1147 289 1155 297 ’
1668 313 1749 356 625

285 387 548 455 ἐννέπων,
569 382 709 450 ἅπας
727 380 780 440 δ’
798 386 860 438 ἐν
878 390 1021 457 ἔργω
1040 387 1238 447 δοῦλος
1255 374 1326 453 ἦν
1342 383 1519 453 μάτην
1543 390 1748 439 πονῶν.

285 471 570 541 διαμεθεὶς
595 469 656 525 δὲ
683 469 846 525 τόνδε
870 467 1101 538 μόχθον,
1129 464 1201 532 ὡς
1226 469 1362 537 ἐμοῦ
1387 467 1748 538 πεφευγότος,

283 558 422 610 ἵεται
445 556 602 624 ξίφος
626 551 886 609 κελαινὸν
911 549 1159 623 ἁρπάσας
1184 552 1371 622 δόμων
1397 557 1519 606 ἔσω.

285 631 411 711 κᾷθ’
440 636 468 694 ὁ
493 638 761 709 Βρόμιος,
790 634 862 702 ὣς
887 643 1071 708 ἔμοιγε
1096 642 1370 706 φαίνεται,
1398 635 1564 702 δόξαν
1590 637 1749 708 λέγω,

286 720 448 794 φάσμ’
478 726 736 794 ἐποίησεν
760 719 871 778 κατ’
902 719 1103 792 αὐλήν·
1133 716 1161 776 ὃ
1190 718 1241 776 δ’
1260 723 1349 776 ἐπὶ
1379 717 1534 775 τοῦθ’
1565 717 1752 793 ὥρμη-

851 809 1011 878 μένος
1670 819 1753 862 630

285 884 420 964 ᾖσσε
443 890 696 949 κάκέντει
720 890 968 962 φαεννὸν
993 887 1189 961 αἰθέρ’,
1217 888 1288 954 ὡς
1312 890 1535 959 σφάζων
1560 892 1666 961 ἐμέ.

284 975 422 1048 πρὸς
458 978 519 1033 δὲ
559 973 734 1033 τοῖσδ’
775 974 926 1050 αὐτῷ
961 973 1083 1030 τάδ’
1113 973 1251 1030 ἄλλα
1286 974 1520 1045 Βάκχιος
1554 981 1752 1046 λυμαί-

851 1079 1033 1116 νεται·

285 1143 482 1219 δώματ’
515 1148 744 1220 ἔρρηξεν
765 1153 992 1217 χαμᾶζε·
1037 1144 1496 1215 συντεθράνωται
1523 1141 1575 1200 δ’
1606 1140 1752 1200 ἅπαι-

289 1230 655 1303 πικροτάτους
691 1230 867 1287 ἰδόντι
903 1229 1138 1300 δεσμοὺς
1175 1227 1306 1294 τοὺς
1340 1229 1531 1299 ἐμούς·
1578 1227 1755 1284 κόπου

860 1313 913 1370 δ’
943 1312 1053 1370 ὕπο

286 1402 572 1470 διαμεθεὶς
619 1403 776 1471 ξίφος
824 1413 1094 1471 παρεῖται.
1162 1397 1299 1470 πρὸς
1342 1396 1483 1454 θεὸν
1532 1394 1638 1470 γὰρ
1677 1392 1753 1452 ὢν

855 1482 995 1555 ἀνὴρ
1673 1495 1755 1538 635

287 1575 363 1633 εἰς
386 1568 563 1640 μάχην
590 1573 778 1625 ἐλθεῖν
803 1566 1060 1640 ἐτόλμησ’
1079 1586 1089 1596 ·
1137 1564 1339 1637 ἥσυχος
1374 1570 1407 1621 δ
1415 1564 1427 1584 ’
1460 1564 1623 1637 ἐκβὰς
1647 1564 1753 1638 ἐγώ

286 1654 556 1724 δωμάτων
580 1651 695 1725 ἥκω
722 1652 860 1726 πρὸς
877 1650 1037 1724 ὑμᾶς,
1052 1653 1320 1714 Πενθέως
1338 1647 1407 1705 οὐ
1434 1655 1752 1722 φροντίσας.

289 1735 360 1802 ὡς
385 1740 452 1793 δέ
468 1762 561 1809 μοι
585 1743 762 1808 δοκεῖ,
797 1751 974 1809 ψοφεῖ
997 1743 1138 1808 γοῦν
1173 1734 1388 1808 ἀρβύλη
1417 1735 1604 1806 δόμων
1629 1740 1754 1806 ἔσω,

288 1828 364 1887 είς
390 1820 655 1893 προνώπι’
695 1820 864 1893 αὐτίχ’
903 1819 1036 1894 ἥξει.
1098 1827 1156 1876 τί
1181 1816 1294 1876 ποτ’
1335 1816 1418 1891 ἄρ’
1460 1823 1519 1875 ἐκ
1542 1819 1756 1876 τούτων

855 1910 997 1978 ἐρεῖς

287 1994 492 2065 ῥαδίως
508 1990 614 2064 γὰρ
634 1990 806 2048 αὐτὸν
825 2001 976 2062 οἴσω,
991 1987 1097 2047 κᾶν
1114 1992 1300 2046 πνέων
1318 1995 1457 2062 ἔλθῃ
1481 1991 1635 2061 μέγα.
1672 2001 1757 2045 640

288 2073 425 2146 πρὸς
449 2083 630 2146 σοφοῦ
657 2075 763 2148 γὰρ
799 2075 1005 2148 ἀνδρὸς
1032 2073 1224 2132 άσκεῖν
1249 2071 1490 2145 σώφρον’
1520 2070 1756 2145 εὐοργη-

859 2168 1003 2216 σίαν.

285 2247 541 2302 πέπονθα
566 2246 747 2302 δεινά·
789 2248 1133 2317 διαπέφευγέ
1151 2242 1199 2316 μ’
1228 2242 1256 2300 ὁ
1282 2246 1450 2314 ξένος,

290 2325 349 2394 ὂς
373 2326 496 2400 ἄρτι
519 2335 739 2402 δεσμοῖς
762 2323 834 2399 ἦν
857 2331 1391 2401 κατηναγκασμένος.

293 2436 353 2468 εα
379 2434 465 2469 εα·

293 2493 379 2553 ὅδ’
408 2500 557 2554 ἐστὶν
581 2496 721 2571 ἁνήρ
738 2518 749 2528 ·
777 2506 836 2554 τί
855 2499 1016 2567 τάδε;
1049 2504 1164 2563 πῶς
1196 2496 1512 2569 προνώπιος
1673 2506 1755 2550 645

294 2588 482 2653 φαίνει
505 2588 644 2655 πρὸς
669 2593 839 2649 οἴκοις
863 2598 977 2649 τοῖς
1002 2587 1176 2654 ἐμοῖς,
1203 2585 1302 2649 ἔξω
1328 2581 1535 2653 βεβώςς

292 2672 495 2738 στῆσον
519 2666 668 2739 πόδ’,
695 2666 834 2740 ὀργῇ
863 2667 916 2724 δ’
945 2666 1158 2732 ὑπόθες
1180 2665 1390 2739 ἥσυχον
1415 2666 1575 2721 πόδα.

292 2751 472 2807 πόθεν
496 2751 566 2808 σὺ
596 2752 770 2824 δεσμὰ
802 2751 1097 2824 διαφυγών
1122 2755 1222 2818 ἔξω
1247 2757 1447 2825 περᾷς;

293 2832 395 2891 οὐκ
423 2835 579 2893 εἶπον
601 2833 637 2908 ἦ
662 2835 765 2892 οὐκ
788 2835 1031 2906 ἤκουσας
1056 2833 1142 2892 ὅτι
1165 2837 1323 2892 λύσει
1344 2837 1418 2907 μέ
1434 2857 1546 2900 τις;
