2022 3126
216 81 280 133 20

216 2278 273 2327 H
270 2279 324 2326 P.

214 2448 326 2497 ΧΟ.

177 2738 179 2741 -
216 2704 325 2752 HP.

217 2789 325 2838 XO.

838 83 887 129 A
891 83 1205 130 ΛΚΗΣΤΙΣ

402 230 681 296 δυναίμαν
708 225 774 278 δέ
793 241 854 278 σε
879 224 1090 293 πέμψαι

404 311 544 383 φάος
568 311 621 376 ἐξ
640 306 794 364 Ἀίδα
819 308 1108 379 τεράμνων

405 399 678 451 Κωκυτοῦ
704 416 760 448 τε
789 395 1042 464 ῥεέθρων

406 486 644 553 ποταμίᾳ
670 479 902 551 νερτέρᾳ
927 500 984 532 τε
1016 477 1190 550 κώπᾳ.

406 564 475 621 σὺ
501 565 631 637 γάρ,
663 564 703 618 ὦ
735 563 877 633 μόνα
904 563 944 617 ὦ
973 568 1110 634 φίλα
1134 569 1439 632 γυναικῶν,
1798 576 1883 621 460

405 649 475 706 σύ
508 649 605 705 τὸν
630 645 799 712 αὑτᾶς

405 742 560 800 ἔτλας
585 733 749 791 πόσιν
779 730 903 788 ἀντὶ
929 738 1026 796 σᾶς
1052 730 1281 803 ἀμεῖψαι

405 826 583 892 ψυχᾶς
607 822 658 887 ἐξ
670 816 848 874 “Αιδα.
882 817 1069 888 κούφα
1093 835 1180 873 σοι

406 905 562 977 χθών
587 905 844 962 ἐπάνωθε
868 904 1050 974 πέσοι,
1079 903 1262 973 γύναι.
1314 908 1363 959 εί
1385 904 1451 959 δέ
1470 927 1520 959 τι

402 990 598 1047 καινὸν
635 992 810 1046 ἕλοιτο
846 990 997 1059 λέχος
1035 988 1218 1060 πόσις,
1258 981 1292 1060 ἧ
1327 986 1457 1060 μάλ’
1497 983 1565 1044 ἄν
1599 987 1770 1062 ἔμοιγ’
1813 985 1879 1046 ἂν

970 1082 1053 1144 εἰή

403 1163 703 1233 στυγηθεὶς
727 1161 940 1225 τέκνοις
964 1182 1022 1215 τε
1047 1172 1158 1225 τοῖς
1186 1173 1318 1226 σοῖς.
1799 1174 1881 1218 465

404 1248 633 1319 ματέρος
658 1243 725 1301 οὐ
751 1245 1030 1308 θελούσας
1678 1242 1793 1301 ἀντ.

403 1331 507 1402 πρὸ
534 1329 729 1396 παιδὸς
753 1331 919 1401 χθονὶ
943 1330 1152 1401 κρύψαι

405 1420 598 1488 δέμας,
627 1414 761 1472 οὐδὲ
786 1413 991 1485 πατρὸς
1016 1421 1262 1487 γεραιοῦ,

406 1515 429 1541 ¹&
479 1515 503 1541 *
552 1514 576 1540 *
619 1513 644 1542 *
691 1513 715 1541 *
764 1512 789 1541 *
836 1512 862 1542 *

403 1585 468 1643 ὃν
496 1594 687 1644 ἔτεκον
711 1584 785 1657 δ’,
814 1583 917 1642 οὐκ
942 1592 1106 1643 ἔτλαν
1130 1585 1369 1658 ῥύεσθαι

401 1680 657 1744 σχετλίω,
685 1670 886 1728 πολιὰν
910 1678 1095 1744 ἔχοντε
1120 1677 1341 1744 χαίταν·
1797 1686 1880 1730 470

403 1758 473 1814 σὺ
501 1755 551 1814 δ’
582 1762 642 1814 ἐν
666 1755 776 1832 ἥβᾳ

406 1846 502 1917 νέα
526 1848 892 1915 προθανοῦσα
919 1841 1101 1915 φωτὸς
1133 1854 1284 1914 οἴχει.

403 1928 658 1994 τοιαύτας
684 1937 766 1999 εἴη
791 1952 883 2000 μοι
908 1935 1109 1998 κῦρσαι

402 2014 720 2078 συνδυάδος
745 2020 931 2085 φιλίας
957 2010 1181 2084 ἀλόχου·
1217 2019 1379 2067 τοῦτο
1406 2017 1507 2082 γὰρ

401 2103 460 2156 ἐν
486 2100 654 2174 βιότῳ
679 2099 916 2156 σπάνιον
941 2102 1128 2171 μέρος
1173 2092 1203 2170 ἧ
1229 2098 1332 2171 γὰρ
1372 2123 1440 2154 αν
1474 2097 1641 2171 ε’μοιγ’
1671 2097 1878 2167 αλυπος

401 2184 465 2241 δι’
496 2191 697 2250 αἰῶνος
723 2209 793 2239 αν
818 2187 1025 2256 ξυνείη
1793 2198 1877 2244 475

401 2274 570 2341 ξένοι
599 2277 840 2340 Φεραίας
866 2275 1031 2342 τῆσδε
1055 2276 1301 2342 κωμῆται
1325 2271 1547 2374 χθονός,

386 2354 715 2428 ’Ἀδμητον’
689 2379 748 2413 εν
773 2356 1026 2428 δόμοισιν
1051 2379 1157 2426 αρα
1183 2379 1452 2428 κιγχανω·
1440 2400 1453 2422 ,

406 2438 506 2497 ἔστ’
538 2444 598 2497 ἐν
624 2442 839 2513 δόμοισι
865 2455 992 2507 παῖς
1018 2443 1260 2513 Φέρητος
1274 2485 1287 2511 ‚
1306 2439 1607 2513 Ηράκλεις.

403 2525 514 2582 ἀλλ’
547 2527 663 2583 εἰπὲ
686 2533 844 2599 χρεία
868 2534 948 2592 τίς
975 2546 1035 2583 σε
1067 2533 1365 2582 Θεσσαλῶν
1388 2526 1567 2598 χθόνα

404 2613 633 2683 πέμπει,
662 2620 905 2681 Φεραῖον
930 2609 1068 2668 ἄστυ
1095 2618 1406 2684 προσβῆναι
1431 2612 1575 2668 τόδε.
1793 2625 1877 2668 480

409 2703 698 2772 Τιρυνθίῳ
724 2698 951 2767 πράσσω
977 2695 1074 2753 τιν’
1101 2695 1401 2768 Εὐρυσθεῖ
1421 2697 1610 2753 πόνον.

397 2783 489 2838 καὶ
519 2795 618 2837 ποῖ
637 2782 894 2855 πορεύει;
922 2789 996 2857 τῷ
1025 2783 1337 2851 συνέζευξαι
1367 2783 1583 2858 πότμῳ;

730 2882 812 2924 455
831 2901 902 2906 -
920 2881 1004 2924 465
1017 2894 1085 2914 2*-
1098 2880 1182 2924 466
1199 2902 1260 2908 —
1275 2878 1359 2923 475
