2022 3126
146 506 242 556 ΤΡ.

757 106 1177 154 ΙΠΠΟΛΥΤΟΣ

325 246 522 318 πλήσει
546 247 608 302 δὲ
629 251 810 301 πᾶσαν
836 258 1001 316 γαῖαν
1028 251 1322 316 αἰσχίστων
1345 246 1543 317 λόγων.

324 327 475 387 ὄλοιο
498 332 592 386 καὶ
615 329 685 386 σύ
707 327 903 400 χῶστις
927 326 1159 394 ἄκοντας
1177 335 1376 401 φίλους

326 414 614 486 πρόθυμός
644 418 756 470 ἐστι
779 413 852 485 μὴ
876 420 1054 478 καλῶς
1083 411 1410 487 εὐεργετεῖν.

326 497 595 569 δέσποιν’,
623 504 759 569 ἔχεις
782 499 883 569 μὲν
906 496 1047 570 τάμα
1072 501 1395 570 μέμψασθαι
1417 499 1583 555 κακά·

325 583 384 639 τὸ
410 583 515 655 γὰρ
543 583 750 638 δάκνον
775 602 878 638 σου
903 582 1004 654 τὴν
1030 584 1332 655 διάγνωσιν
1353 597 1568 655 κρατεῖ·

326 674 428 738 ἔχω
456 669 516 723 δε
543 665 694 739 κάγω
723 667 859 739 πρὸς
890 666 1033 737 τάδ’,
1067 674 1118 724 εἰ
1143 671 1314 739 δέξει,
1341 672 1539 740 λέγειν.

324 749 539 823 ἔθρεψά
563 750 615 807 σ’
645 750 844 818 εὔνους
869 750 917 808 τ’
948 758 1084 824 εἰμί’
1111 759 1205 824 τῆς
1227 772 1398 829 νοσου
1429 756 1495 810 δέ
1515 772 1602 810 σοι

328 843 562 908 ζητοῦσα
589 834 830 908 φάρμαχ’
850 830 1027 909 ηὗρον
1053 835 1154 908 οὐχ
1178 826 1512 910 ἁβουλόμην.

324 928 375 977 εί
395 919 447 977 δ’
477 944 541 977 εν
568 919 623 992 γ’
653 925 882 992 ἔπραξα,
908 919 1066 993 κάρτ’
1102 919 1172 978 ἂν
1197 925 1256 977 ἐν
1280 936 1538 994 σοφοῖσιν
1562 925 1616 994 ἡ·

318 1005 455 1078 πρὸς
478 1004 572 1070 τὰς
595 1005 759 1076 τύχας
783 1029 888 1077 γαρ
918 1030 1014 1071 τας
1041 1008 1249 1079 φρένας
1271 1007 1603 1079 κεκτήμεθα.

132 1097 281 1147 ΦΑΙ.
312 1092 346 1163 ἡ
365 1091 473 1165 γὰρ
490 1095 676 1146 δίκαια
700 1097 871 1146 ταῦτα
896 1088 1277 1163 κάξαρκοῦντά
1299 1115 1409 1164 μοι,

137 1267 237 1316 ΤΡ.

322 1175 612 1247 τρῶσασαν
635 1172 774 1247 ἡμᾶς
800 1175 913 1231 εἶτα
938 1189 1248 1247 συγχωρεῖν
1271 1177 1478 1248 λόγοιςς

322 1266 807 1332 μακρηγοροῦμεν·
842 1257 944 1315 οὐκ
970 1261 1333 1332 ἐσωφρόνουν
1357 1263 1482 1333 ἐγώ,

317 1343 437 1400 ἀλλ’
468 1351 581 1400 ἔστι
605 1342 709 1400 κάκ
733 1342 900 1400 τῶνδ’
936 1342 1074 1401 ὥστε
1099 1352 1381 1417 σωθῆναι,
1407 1350 1617 1404 τέκνον.

130 1436 277 1486 ΦΑΙ.
311 1436 519 1485 παῦσαι
543 1431 805 1500 λέγουσα·
831 1431 924 1484 καὶ
947 1429 1012 1485 τὰ
1037 1433 1170 1501 πρὶν
1195 1430 1300 1503 γὰρ
1329 1429 1396 1487 οὐ
1421 1439 1600 1499 καλῶς

127 2030 242 2078 XO.

319 1514 629 1586 παρῄνεσάς
655 1538 746 1585 μοι
768 1511 1165 1588 κάπεχείρησας
1188 1516 1343 1572 κακά.

320 1597 442 1654 ἀλλ’
471 1598 725 1655 ἐκποδῶν
749 1597 959 1655 ἄπελθε
983 1602 1076 1656 καὶ
1099 1607 1302 1673 σαυτῆς
1325 1604 1452 1673 πέρι

318 1681 563 1756 φρόντιζ’
581 1701 591 1711 ·
624 1683 729 1756 ε’γῶ
759 1687 819 1741 δὲ
847 1685 986 1756 τάμά
1014 1688 1256 1756 θήσομαι
1287 1694 1481 1751 καλῶς.

318 1766 474 1840 ὑμεῖς
502 1771 591 1839 δέ,
619 1774 810 1835 παῖδες
834 1766 1079 1841 εὐγενεῖς
1111 1771 1436 1842 Τροιζήνιαι,

317 1854 548 1910 τοσόνδε
573 1877 666 1924 μοι
689 1853 985 1927 παράσχετ’
1015 1858 1384 1929 ἐξαιτουμένη,

314 1945 440 2012 σιγῇ
465 1939 767 1995 καλύπτειν
791 1937 997 1995 ἁνθάδ’
1027 1941 1397 2011 εἰσηκούσατε.

313 2020 519 2095 ὄμνυμι
543 2023 752 2096 σεμνὴν
765 2022 1027 2096 ’Ἄρτεμιν
1049 2025 1187 2091 Διὸς
1211 2026 1400 2097 κόρην,

315 2109 489 2179 μηδὲν
512 2115 701 2164 κακῶν
724 2115 840 2165 σῶν
867 2116 943 2176 εἰς
970 2110 1110 2181 φάος
1134 2114 1336 2178 δείξειν
1360 2112 1502 2166 ποτέ.

128 2199 276 2247 ΦΑΙ.
312 2199 492 2258 καλῶς
518 2197 717 2260 ἔλεξας.
751 2191 813 2250 ἓν
835 2195 897 2250 δὲ
921 2194 1289 2266 προτρέπουσ’
1308 2195 1416 2264 ἐγώ

313 2275 527 2349 ηὕρηκα
557 2283 733 2349 [δῆτα]
757 2284 924 2350 τῆσδε
948 2286 1237 2351 συμφορᾶς
1261 2277 1414 2348 ἄκος,

317 2360 446 2418 ὥστ’
479 2360 680 2418 εὐκλεᾶ
705 2363 807 2434 μὲν
830 2366 986 2420 παισὶ
1009 2374 1339 2434 προσθεῖναι
1367 2371 1509 2436 βίον,

317 2444 456 2518 αὕτη
477 2445 531 2502 δ’
560 2445 800 2503 ὄνασθαι
822 2448 959 2519 πρὸς
982 2448 1048 2504 τὰ
1069 2455 1178 2506 νῦν
1203 2447 1538 2505 πεπτωκότα.

314 2528 381 2586 οὐ
404 2531 509 2602 γάρ
534 2531 655 2588 ποτ’
685 2537 928 2603 αἰσχυνῶ
954 2556 1018 2605 γε
1041 2540 1321 2608 Κρησίους
1347 2535 1566 2606 δόμους,

315 2613 440 2672 οὐδ’
471 2622 547 2682 είς
571 2617 868 2687 πρόσωπον
893 2620 1114 2690 Θησέως
1137 2616 1400 2691 ἀφίξομαι

314 2706 555 2773 αἰσχροῖς
582 2700 667 2757 ἐπ’
697 2708 878 2773 ἔργοις
916 2707 1097 2759 εἵνεκα
1127 2710 1305 2776 ψυχῆς
1328 2711 1467 2776 μιᾶς.

308 2860 407 2918 ε’ρεῖ
433 2863 484 2907 δὲ
516 2868 693 2910 Πιτθεῖ
716 2869 782 2926 τῷ
802 2869 983 2924 γέροντι
1016 2868 1274 2927 συμφοράς,

1691 105 1788 156 437

1709 514 1793 558 695

1710 937 1793 981 700

1708 1361 1790 1407 705

1709 1785 1788 1828 710

1700 2632 1782 2675 720

1699 2872 1774 2916 393
