2022 3126
254 88 356 137 266

911 85 1240 131 HAEKTPA

443 231 584 300 ποίῳ
608 225 793 298 τρόπω
818 225 879 280 δὲ
903 226 996 280 καὶ
1022 230 1132 278 τίνι
1159 227 1358 298 ῥυθμῷ
1384 223 1565 294 φόνου

442 317 647 366 κτείνει
677 311 926 364 Θυέστου
952 313 1149 377 παῖδα,
1190 308 1460 379 βούλομαι
1484 317 1704 378 μαθεῖν.

265 402 413 452 ΑΓΓ.
440 397 558 450 ἐπεὶ
583 394 883 465 μελάθρων
906 391 1074 449 τῶνδ’
1107 390 1395 464 ἀπήραμεν
1419 392 1579 463 πόδα,

447 480 726 550 εἰσβάντες
748 472 887 552 ᾖμεν
912 484 1171 549 δίκροτον
1199 483 1275 543 είς
1299 475 1586 549 ἁμαξιτόν,

445 561 571 619 ἕνθ’
600 556 671 634 ἧν
697 561 725 619 ὁ
749 562 966 628 κλεινὸς
989 569 1101 618 τῶν
1124 564 1477 633 Μυκηναίων
1502 559 1652 629 ἅναξ.

442 662 608 718 κυρεῖ
632 649 693 704 δὲ
717 648 909 720 κήποις
934 651 993 703 ἐν
1018 647 1380 718 καταρρύτοις
1407 647 1602 718 βεβώς,

445 736 666 805 δρέπων
690 740 938 804 τερείνης
964 738 1236 803 μυρσίνης
1260 731 1404 805 κάρᾳ
1430 732 1697 797 πλόκους·

446 819 583 874 ι’δω’ν
607 816 655 873 τ’
685 817 866 874 ἀυτεῖ·
895 814 1124 889 χαίρετ’,
1152 810 1197 872 ὦ
1221 819 1393 883 ξένοι·
1423 823 1568 881 τίνες

446 903 626 959 πόθεν
649 901 955 975 πορεύεσθ’
985 909 1104 958 ἔστε
1128 900 1177 957 τ’
1207 906 1266 957 ἐκ
1293 908 1455 966 ποίας
1477 901 1708 972 χθονός;

1834 490 1917 536 775

1838 913 1921 957 780

442 985 473 1043 ὂ
501 986 553 1044 δ’
584 986 693 1044 εἶπ’
721 986 1006 1061 Ὀρέστης·
1035 994 1332 1043 Θεσσαλοί·
1360 984 1497 1056 πρὸς
1523 983 1569 1041 δ’
1598 984 1835 1058 Ἀλφεὸν

443 1073 716 1138 θύσοντες
742 1070 1034 1144 ἐρχόμεσθ’
1064 1070 1347 1146 Ὀλυμπίῳ
1370 1078 1486 1126 Διί.

444 1155 634 1213 κλύων
659 1160 720 1213 δὲ
746 1156 902 1213 ταῦτ’
931 1166 1205 1228 Αἴγισθος
1231 1158 1448 1212 ἐννέπει
1473 1155 1603 1211 τάδε
1622 1175 1632 1183 ·

445 1249 553 1298 νῦν
580 1243 681 1314 μὲν
707 1240 838 1311 παρ’
867 1240 1000 1314 ἡμῖν
1023 1242 1127 1313 χρὴ
1153 1248 1479 1307 συνεστίους
1507 1242 1627 1312 ἐμοὶ

444 1333 612 1399 θοίνη
640 1329 931 1399 γενέσθαι·
964 1327 1218 1398 τυγχάνω
1246 1326 1306 1382 δὲ
1331 1331 1636 1397 βουθυτῶν

441 1412 736 1483 Νύμφαις·
766 1415 892 1486 ἑῷοι
919 1409 974 1468 δ’
1005 1411 1393 1478 ἐξαναστάντες
1418 1412 1610 1481 λέχους

447 1503 522 1562 εἰς
546 1494 750 1553 ταύτόν
775 1496 940 1568 ἥξετ’.
969 1495 1090 1552 ἀλλ’
1124 1506 1294 1568 ἴωμεν
1321 1502 1397 1561 είς
1420 1496 1624 1566 δόμους
1652 1530 1695 1536 -

444 1584 537 1638 καὶ
563 1580 732 1638 ταῦθ’
765 1580 858 1654 ἅμ’
889 1581 1127 1655 ἠγόρευε
1151 1584 1243 1636 καὶ
1266 1580 1424 1653 χερὸς
1449 1578 1639 1652 λαβὼν

444 1674 694 1739 παρῆγεν
718 1666 857 1739 ἡμᾶς
884 1702 945 1709 -
973 1665 1097 1723 οὐδ’
1127 1664 1499 1739 ἀπαρνεῖσθαι
1523 1665 1717 1737 χρεων.

446 1755 564 1809 ἐπεὶ
588 1758 621 1808 δ
628 1750 641 1770 ’
671 1756 732 1808 ἐν
757 1762 927 1818 οἴκοις
951 1745 1119 1824 ἦμεν,
1148 1754 1365 1808 ἐννέπει
1388 1751 1545 1807 τάδε·

444 1835 632 1909 λούτρ’
663 1836 734 1903 ὡς
758 1839 980 1909 τάχιστα
1009 1851 1122 1902 τοῖς
1147 1840 1323 1903 ξένοις
1348 1860 1427 1902 τις
1452 1838 1668 1906 αἰρέτω,

448 1919 520 1986 ὦς
545 1920 688 1993 ἀμφὶ
712 1922 904 1994 βωμὸν
928 1929 1097 1978 στῶσι
1122 1928 1399 1993 χερνίβων
1425 1923 1607 1985 πέλας.

554 2004 748 2028 ,ῗῖἳ

445 2005 547 2062 ἄλλ
599 2030 688 2063 ειπ
747 2009 1015 2079 Ορέστης·
1047 2005 1248 2075 ἀρτίως
1271 2004 1584 2081 ἡγνίσμεθα

447 2099 728 2161 λουτροῖσι
753 2101 1022 2164 καθαροῖς
1048 2098 1332 2162 ποταμίων
1356 2093 1603 2161 ῥείθρων
1628 2087 1751 2146 ἄπο.

451 2182 502 2232 εί
523 2177 584 2231 δὲ
609 2179 799 2244 ξένους
824 2174 1036 2233 ἀστοῖσι
1061 2176 1339 2232 συνθύειν
1362 2175 1559 2247 χρεων,

445 2270 526 2316 A„
668 2259 681 2280 2
739 2265 764 2282 Pl
1049 2259 1061 2279 2
1143 2258 1155 2278 9
1369 2261 1380 2277 Ι
1536 2257 1548 2278 2
1602 2257 1631 2277 51

501 2271 660 2332 ιγισθ
689 2306 703 2332 ,
733 2285 939 2333 ετοιμοι
962 2285 1100 2318 κουκ
1127 2269 1530 2332 απαρνουμεσθ
1557 2303 1571 2330 ,
1599 2263 1750 2327 αναξ.

446 2352 643 2402 τοῦτον
668 2347 769 2418 μὲν
795 2340 899 2402 οὖν
921 2356 1191 2418 μεθεῖσαν
1217 2349 1275 2401 ἐκ
1301 2347 1471 2418 μέσου
1497 2345 1687 2416 λόγον·

446 2432 641 2502 λόγχας
667 2432 729 2487 δὲ
752 2434 947 2497 θέντες
973 2432 1246 2487 δεσπότου
1276 2430 1639 2503 φρουρήματα

447 2521 624 2586 δμῶες
649 2515 786 2584 πρὸς
811 2523 976 2588 ἔργον
1001 2516 1200 2581 πάντες
1225 2520 1382 2571 ἵεσαν
1404 2518 1579 2586 χέρας.

446 2609 503 2656 οἳ
521 2602 622 2672 μὲν
648 2615 917 2673 σφαγεῖον
942 2607 1173 2673 ἔφερον,
1202 2610 1258 2656 οι
1285 2606 1319 2656 δ
1325 2599 1338 2619 '
1368 2593 1505 2673 ᾖρον
1530 2604 1688 2669 κανᾶ,

447 2682 603 2741 ἄλλοι
627 2686 688 2741 δὲ
713 2693 824 2757 πῦρ
852 2683 1097 2758 ἀνῆπτον
1121 2683 1269 2757 ἀμφί
1287 2683 1326 2740 τ’
1355 2685 1582 2756 ἐσχάρας

445 2772 674 2842 λέβητας
700 2768 957 2842 ὤρθουν·
984 2778 1129 2826 πᾶσα
1157 2769 1207 2826 δ’
1240 2771 1461 2826 ἐκτύπει
1484 2771 1665 2841 στέγη.

448 2854 635 2918 λαβὼν
660 2856 721 2910 δὲ
745 2856 1020 2926 προχύτας
1044 2854 1246 2926 μητρὸς
1273 2853 1496 2925 εὐνέτης
1523 2856 1691 2909 σέθεν

1840 1337 1920 1382 785

1837 1764 1921 1808 790

1838 2189 1921 2233 795

1831 2612 1918 2655 800
