2022 3126
186 94 288 144 204

182 585 310 634 ME.

181 754 292 802 EA.

181 1094 307 1143 ΜΕ.

181 1604 290 1652 EA.

186 1774 307 1822 ΜΕ.

180 1944 289 1992 EA.

184 2284 309 2332 ΜΕ.

180 2624 291 2671 ΕΛ.

182 2794 308 2842 ΜΕ.

900 93 1159 141 ΕΛΕΝΗ

375 233 632 302 παλαιός,
659 229 692 303 ἡ
719 232 781 288 δὲ
807 233 997 304 τέρψις
1024 228 1224 302 ἀρτίως
1247 231 1411 301 πάρα.

371 327 572 394 ἔλαβον
597 314 806 388 ἀσμένα
829 317 995 372 πόσιν
1020 312 1180 387 ἐμόν,
1209 322 1386 386 φίλαι,

372 413 505 479 περί
533 402 582 460 τ’
613 405 848 458 ἐπέτασα
871 404 1003 473 χέρα

375 498 566 563 φίλιον
590 491 650 544 ἐν
673 493 857 561 μακρᾷ
883 488 1052 559 φλογὶ
1077 486 1398 561 φαεσφόρῳ.

372 574 524 647 κάγω
552 576 638 630 σέ·
667 571 906 638 πολλοὺς
930 577 962 627 δ
969 569 981 589 '
1012 574 1072 626 ἐν
1095 573 1242 645 μέσῳ
1271 571 1471 643 λόγους
1497 576 1638 641 ἔχων
1765 584 1852 629 630

371 659 475 717 οὐκ
505 656 611 716 οἶδ’
641 655 836 714 ὁποίου
861 663 1081 728 πρῶτον
1106 654 1352 729 ἄρξωμαι
1374 655 1440 711 τὰ
1464 661 1589 712 νῦν.

371 749 614 818 γέγηθα,
643 745 804 815 κρατὶ
827 740 878 798 δ’
908 740 1145 813 ὀρθίους
1170 744 1393 812 ἐθείρας

372 829 728 901 ἀνεπτέρωκα
757 830 850 883 καὶ
875 827 1054 900 δάκρυ
1077 827 1383 897 σταλάσσω,

374 918 501 988 περὶ
531 915 593 971 δε
613 927 746 986 γυῖα
768 915 929 986 χέρας
954 919 1156 984 ἔβαλον
1174 956 1188 983 ,
1217 909 1430 984 ἡδοναν

370 1025 442 1066 ως
467 1000 649 1072 λάβω,
677 1022 718 1054 ω
746 998 919 1063 πόσις.
1768 1011 1851 1054 635

375 1110 416 1141 ω
446 1085 679 1158 φιλτάτη
707 1084 1004 1156 πρόσοψις,
1033 1079 1136 1138 οὐκ
1162 1084 1483 1154 ἐμέμφθην·

373 1178 475 1242 ἔχω
501 1169 566 1226 τὰ
591 1177 686 1240 τῆς
713 1168 850 1234 Διός
880 1191 938 1224 τε
963 1170 1163 1239 λέκτρα
1185 1168 1373 1239 Λήδας
1396 1167 1479 1238 θ’,

369 1253 438 1312 ἂν
460 1253 569 1311 ὑπὸ
596 1255 900 1326 λαμπάδων
923 1253 1081 1325 κόροι
1105 1253 1403 1309 λεύκιπποι

368 1346 767 1412 ξυνομαίμονες
793 1337 1041 1411 ὤλβισαν
1067 1335 1313 1409 ὤλβισαν
1767 1351 1852 1395 640

369 1425 429 1482 τὸ
457 1425 736 1499 πρόσθεν,
763 1428 822 1480 ἐκ
848 1424 1035 1496 δόμων
1060 1424 1122 1478 δὲ
1146 1429 1417 1495 νοσφίσας
1443 1419 1495 1478 σ’
1524 1426 1658 1495 ἐμοῦ

370 1510 507 1583 πρὸς
523 1508 696 1566 ἄλλαν
711 1509 934 1566 ἐλαύνει
945 1507 1080 1574 θεὸς
1091 1507 1389 1581 συμφορὰν
1404 1514 1542 1564 τᾶσδ
1547 1531 1571 1564 ε
1594 1515 1850 1581 κρείσσω.

373 1596 433 1652 τὸ
459 1595 634 1652 κακὸν
660 1594 712 1652 δ’
746 1593 965 1667 ἀγαθὸν
989 1598 1054 1650 σε’
1074 1617 1132 1650 τε
1156 1592 1295 1666 κάμὲ
1318 1595 1626 1667 συνάγαγε,
1653 1594 1800 1664 πόσι,

368 1682 621 1783 χρόνιον,
654 1678 774 1736 ἀλλ’
806 1678 951 1752 ὅμως
977 1678 1216 1751 ὀναίμαν
1240 1680 1424 1752 τύχας
1769 1693 1849 1737 645

371 1766 526 1824 όναιο
553 1771 705 1838 δῆτα.
739 1764 912 1822 ταύτα
944 1764 1012 1838 δὴ
1039 1765 1398 1838 ξυνεύχομαι·

373 1861 536 1912 δυοῖν
557 1850 663 1923 γὰρ
691 1849 878 1907 όντοιν
903 1849 1005 1922 οὐχ
1033 1846 1064 1906 ὃ
1085 1875 1187 1922 μεν
1210 1851 1460 1923 τλήμων,
1486 1847 1518 1905 ὃ
1544 1847 1597 1907 δ’
1625 1847 1708 1906 ού.

375 1943 533 2009 φίλαι
558 1944 744 2008 φίλαι,
769 1960 835 1992 τα
861 1936 1033 2007 πάρος
1059 1933 1246 1991 οὐκέτι

370 2024 635 2093 στένομεν
660 2019 787 2076 οὐδ’
817 2019 984 2092 ἀλγῶ.

369 2108 533 2163 πόσιν
559 2104 729 2178 [ἐμὸν]
756 2112 949 2178 ἔχομεν
975 2112 1186 2177 ἔχομεν,
1765 2120 1849 2163 650

371 2189 437 2248 ὃν
463 2199 660 2263 ἔμενον
687 2197 901 2263 [ἔμενον
925 2193 1002 2258 ἐκ]
1036 2197 1236 2262 Τροίας
1260 2194 1502 2262 πολυετῆ
1525 2197 1733 2262 μολεῖν.

371 2283 508 2348 ἔχεις
532 2275 593 2349 μ’
624 2277 732 2348 ἐγω
755 2279 816 2332 τέ
837 2273 889 2331 σ’
907 2295 919 2305 ·
953 2273 1146 2348 ἡλίους
1172 2276 1234 2331 δὲ
1257 2281 1496 2347 μυρίους

369 2363 527 2434 μόγις
554 2361 800 2418 διελθὼν
822 2359 1080 2435 ᾐσθόμην
1103 2360 1169 2417 τὰ
1193 2366 1287 2433 τῆς
1312 2367 1471 2417 θεοῦ.

375 2446 475 2519 ἐμὰ
501 2448 563 2504 δὲ
588 2448 804 2519 δάκρυα
828 2452 1113 2518 χαρμονᾶν
1137 2450 1307 2502 πλέον
1331 2452 1440 2518 ἔχει

368 2533 587 2605 χάριτος
612 2529 647 2603 ἢ
670 2533 864 2598 λύπας.
1765 2542 1852 2587 655

374 2625 431 2673 τί
451 2624 571 2690 φῶς
603 2625 685 2683 τίς
710 2614 780 2673 ἂν
806 2615 934 2673 τάδ’
967 2615 1201 2689 ἤλπισεν
1225 2621 1443 2689 βροτῶν
1468 2637 1627 2677 ποτες

373 2701 646 2775 ἀδόκητον
672 2709 775 2774 ἔχω
800 2722 862 2759 σε
887 2701 1024 2775 πρὸς
1048 2704 1311 2774 στέρνοις.

369 2785 521 2858 κάγιὸ
548 2787 609 2843 σὲ
632 2786 733 2858 τὴν
760 2792 1037 2844 δοκοῦσαν
1060 2785 1265 2843 Ἰδαίαν
1289 2786 1448 2842 πόλιν
