2022 3126
238 76 338 128 368
641 75 983 122 ΗΡΑΚΛΗΣ
1014 44 1524 123 ΜΑΙΝοΜΕΝοΣ

242 216 351 265 ΗΡ.
404 208 508 262 οὐκ
529 230 601 262 αν
622 209 924 276 δυναίμην·
953 207 1140 291 ἄρθρα
1161 203 1265 274 γὰρ
1287 206 1498 275 πέπηγέ
1519 229 1643 291 μου.
1795 220 1902 265 1395

241 286 357 335 ΘΗ.
395 280 485 332 καὶ
509 275 640 341 τοὺς
663 277 966 340 σθένοντας
986 273 1090 345 γὰρ
1113 281 1486 344 καθαιροῦσιν
1510 276 1685 346 τύχαι.

237 357 350 405 ΗΡ
399 354 533 434 φεῦ·

396 416 572 471 αὐτοῦ
590 421 853 486 γενοίμην
874 420 1069 503 πέτρος
1090 413 1359 501 ἀμνήμων
1376 437 1578 469 κακων.

239 496 357 544 ΘΗ.
400 504 634 542 παυσαι·
658 490 817 540 δίδου
840 487 900 541 65
919 482 1057 555 χεῖρ’
1074 483 1327 570 ὑπηρέτῃ
1347 491 1504 559 φίλω.

240 565 350 614 ΗΡ.
393 555 514 613 ἀλλ’
540 552 670 626 αἷμα
690 552 761 626 μὴ
785 568 900 621 σοῖς
927 543 1308 642 ἐξομόρξωμαι
1319 541 1559 619 πέπλοις.

240 635 359 684 ΘΗ.
395 631 656 697 ἔκμασσε,
681 629 880 696 φείδου
901 628 1098 712 μηδέν·
1123 623 1227 678 οὐκ
1249 624 1559 693 ἀναίνομαι.
1795 640 1904 682 1400

239 705 351 754 ΗΡ.
394 702 607 752 παίδων
627 698 914 785 στερηθεὶς
939 692 1090 750 παῖδ’
1115 693 1266 759 ὅπως
1286 699 1389 782 ἔχω
1410 695 1464 748 σ’
1489 696 1637 765 ἐμόν.

241 776 358 823 ΘΗ.
394 771 552 822 δίδου
574 768 705 838 δέρῃ
725 766 829 837 σὴν
847 764 1006 855 χεῖρ’,
1031 763 1286 854 ὁδηγήσω
1309 763 1361 819 δ’
1389 766 1511 850 ἐγώ.

247 846 351 893 ΗΡ.
393 838 583 910 ζεῦγός
601 859 663 907 γε
688 842 904 921 φίλιον·
922 836 1122 924 α’τερος
1145 835 1204 890 65
1226 835 1513 921 δυστυχής.

398 931 438 962 ω
462 910 702 995 πρέσβυ,
724 904 935 961 τοιόνδ’
961 906 1138 975 ανδρα
1156 903 1259 975 χρὴ
1280 910 1518 961 κτᾶσθαι
1539 911 1718 975 φίλον.

244 986 373 1035 AM.
394 976 427 1048 ἡ
449 1000 553 1048 γαρ
583 983 819 1032 τεκοῦσα
844 976 1007 1031 τόνδε
1027 977 1233 1060 πατρὶς
1240 974 1513 1040 εύτεκνος.
1796 990 1904 1032 1405

238 1056 353 1104 ΗΡ.
394 1053 608 1134 Θησεῦ
631 1048 799 1102 πάλιν
819 1069 885 1116 με
905 1047 1173 1133 στρέψον,
1198 1043 1270 1110 ὡς
1292 1049 1391 1130 ἴδω
1421 1049 1600 1100 τέκνα.

245 1126 365 1174 ΘΗ.
400 1141 473 1182 ως
493 1115 559 1187 δὴ
581 1124 655 1171 τί·
644 1115 912 1187 ,φίλτρον
931 1114 1081 1170 τοῦτ’
1107 1120 1245 1185 ἔχων
1265 1117 1417 1188 ρᾴων
1436 1120 1574 1181 ἔςσει

239 1196 352 1244 ΗΡ.
395 1193 582 1258 ποθω,
606 1188 811 1259 πατρός
834 1208 891 1240 τε
912 1189 1109 1272 στέρνα
1127 1189 1476 1271 προσθέσθαι
1498 1189 1662 1241 θέλω.

240 1266 374 1314 AM.
398 1255 521 1312 ιδού
549 1231 671 1311 ταδ’
679 1279 758 1327 ,ω
781 1268 900 1310 παῖ·
931 1253 1083 1343 τάμα
1094 1253 1197 1324 γὰρ
1222 1254 1478 1343 σπεύδεις
1500 1261 1647 1325 φίλα.

242 1336 361 1384 ΘΗ.
395 1326 541 1381 οὕτω
584 1330 770 1380 πόνων
810 1343 924 1380 σων
947 1326 1132 1380 οὐκέτι
1152 1347 1374 1412 μνημην
1395 1330 1562 1395 έχειςς
1796 1340 1906 1382 1410

241 1406 354 1454 ΗΡ.
396 1394 596 1451 ἅπαντ’
627 1397 836 1452 ἐλασσω
858 1408 1013 1450 κεῖνα
1033 1393 1201 1449 τωνδ
1227 1400 1388 1482 ἔτλην
1409 1397 1565 1450 κακά.

242 1476 360 1524 ΘΗ.
398 1475 451 1522 εἴ
465 1465 516 1521 σ’
550 1465 745 1531 ὄψεταί
761 1489 842 1530 τις
860 1464 1088 1552 θῆλυν’
1068 1464 1187 1520 ὄντ’
1195 1463 1336 1533 ,οὐκ
1358 1468 1578 1520 αἰνέσει.

249 1546 356 1594 ΗΡ.
401 1543 470 1603 ζῶ
492 1538 577 1592 σοὶ
596 1537 879 1601 ταπεινόςς
902 1534 1041 1591 ἄλλα
1063 1537 1314 1603 πρόσθεν
1353 1529 1419 1587 οὐ
1462 1539 1626 1593 δοκω.

244 1616 362 1664 ΘΗ.
401 1607 542 1694 ἄγαν
561 1605 636 1676 γ’·
669 1605 696 1660 6
720 1605 937 1671 κλεινὸς
951 1607 1221 1676 Ἡρακλῆς
1242 1612 1353 1660 ποῦ
1379 1618 1560 1670 κεῖνος
1583 1604 1687 1670 ὤνς

243 1676 467 1734 ΗΡ.σύ
489 1689 644 1742 ποῖος
665 1672 814 1746 ἦσθα
837 1680 1042 1745 νέρθεν
1063 1680 1123 1730 ἐν
1142 1687 1395 1731 κακοῖσιν
1416 1674 1520 1740 ω’νς
1798 1690 1906 1732 1415

244 1756 363 1803 ΘΗ.
397 1771 469 1812 ως
492 1752 566 1812 εἰς
585 1744 647 1803 τὸ
668 1754 812 1832 λῆμα
833 1746 1036 1810 παντὸς
1055 1750 1125 1817 ἠν
1144 1745 1332 1816 ἥσσων
1354 1745 1511 1816 ανήρ.

242 1826 357 1874 ΗΡ.
399 1841 515 1882 πως
536 1820 639 1872 οὐν
661 1813 730 1871 οὶν
753 1825 925 1882 εἴποις
951 1815 1035 1872 ὅτι
1056 1819 1424 1887 συνέσταλμαι
1443 1828 1655 1881 κακοῖς,

244 1895 362 1944 ΘΗ.
401 1888 684 1958 πρόβαινε.
742 1894 855 1942 ΗΡ.
878 1885 1044 1956 χαῖρ’,
1069 1889 1109 1940 ὦ
1132 1889 1360 1957 πρέσβυ.
1427 1893 1557 1940 AM.
1592 1889 1680 1940 καὶ
1702 1882 1772 1940 σύ
1797 1908 1906 1956 μοι,

1044 1979 1099 2010 τε
1093 1959 1255 2010 ’.κνον

245 2036 355 2084 ΗΡ.
396 2025 581 2118 θάφθ’
608 2026 791 2113 ὥσπερ
816 2048 971 2081 ειπον
992 2031 1203 2090 παῖδ.ας
1226 2033 1359 2080 AM
1376 2029 1468 2110 ἐμὲ
1489 2030 1547 2081 65
1569 2033 1664 2097 τίς,
1686 2029 1906 2091 τέκνονς

246 2106 358 2153 ΗΡ.
400 2098 523 2184 ἐγω.
561 2104 695 2153 AM.
718 2095 841 2151 πότ’
867 2097 1080 2162 έλθωνς
1120 2101 1234 2150 ΗΡ.
1261 2094 1405 2165 ὴνικ’
1432 2093 1502 2150 αν
1521 2099 1709 2183 θαψῃς
1727 2101 1905 2152 τέκνα.

244 2176 377 2224 ΑΜ.
402 2174 540 2234 πῶςς
579 2174 691 2222 ΗΡ.
719 2173 792 2232 εἰς
808 2165 1046 2236 Ἀθήνας
1066 2169 1346 2235 πέμψομαι
1369 2172 1571 2238 Θηβωι
1592 2189 1715 2221 απο.
1799 2183 1902 2224 1421

409 2237 531 2320 ᾇλλ’
558 2238 826 2305 είσκόμιζε
844 2239 1008 2291 τέκνα
1030 2238 1370 2305 δυσκόμιστα
1390 2243 1485 2307 γῇ·

403 2307 553 2378 ἡμεῖς
576 2306 625 2362 δ’
652 2309 1035 2370 ἀναλώσαντες
1057 2308 1339 2375 αἰσχύναις
1367 2310 1558 2377 δόμον,

403 2385 574 2464 Θησεῖ
591 2377 863 2442 πανώλεις
883 2376 1150 2463 εψόμεσθ’
1178 2377 1478 2445 ἐφολκίδες.

405 2449 554 2512 ὅστις
575 2450 632 2502 65
657 2453 902 2502 πλοῦτον
927 2443 961 2516 ἢ
985 2450 1185 2510 σθένος
1205 2453 1414 2515 μᾶλλον
1436 2453 1614 2517 φίλων
1799 2459 1907 2502 1425

405 2517 634 2587 αγαθων
655 2524 937 2574 πεπᾶσθαι
957 2516 1244 2601 βούλεται,
1268 2539 1448 2581 κακως
1469 2538 1642 2586 φρονε
1621 2527 1682 2570 εἴ.

251 2594 361 2645 XO.
412 2607 502 2642 στε
480 2593 694 2657 είχομεν
716 2591 923 2656 οἰκτροὶ
943 2610 1032 2641 και
1053 2588 1446 2656 πολύκλαυτοι,

403 2663 468 2712 τὰ
489 2663 714 2728 μέγιστα
742 2663 921 2727 φίλων
942 2655 1247 2721 ὀλέσαντες.
