2022 3126
144 628 252 678 XO.

137 1307 252 1355 ΑΔ.

831 148 1202 195 ΑΛΚΗΣΤΙΣ
1744 153 1808 203 35

332 289 440 340 νῦν
464 281 519 339 δ’
547 280 835 353 ὑμεναίων
858 285 985 354 γόος
1017 283 1314 353 ἀντίπαλος

332 373 551 423 λευκῶν
580 390 638 422 τε
669 369 893 423 πέπλων
917 371 1149 439 μέλανες
1181 374 1405 443 στολμοὶ

330 454 609 523 πέμπουσί
633 449 681 523 μ’
711 457 816 508 ε”σω

327 537 574 608 λέκτρων
597 543 782 602 κοίτας
810 540 863 602 ἐς
888 538 1143 609 ἐρήμους.
1721 561 1804 604 925

322 617 444 691 παρ’
475 618 678 692 εὐτυχῆ
1603 626 1718 686 ἀντ.

327 706 415 761 σοὶ
440 705 651 777 πότμον
674 698 854 777 ἦλθεν
879 704 1230 784 ἆπειροκακςο
1256 708 1374 766 τόδ’

327 785 517 861 ἄλγος·
558 787 670 846 ἀλλ’
699 797 905 856 ἔσωσας

324 880 514 947 βίοτον
538 877 628 930 καὶ
653 875 854 947 ψυχάν.

328 965 498 1015 ἔθανε
526 960 704 1031 δάμαρ
721 1004 734 1031 ,
770 966 922 1017 ἔλιπε
949 969 1144 1033 φιλίαν
1161 981 1171 991 ·
1719 984 1801 1027 930

322 1050 380 1099 τί
397 1046 526 1101 νέον
553 1045 708 1111 τόδε;
734 1042 973 1110 πολλοὺς

322 1126 427 1200 ἤδη
457 1133 769 1201 παρέλυσεν

322 1213 562 1279 θάνατος
589 1215 877 1286 δάμαρτος.

324 1305 507 1370 φίλοι,
535 1299 799 1371 γυναικὸς
824 1297 1036 1372 δαίμον’
1066 1299 1461 1374 εὐτυχέστερον
1715 1321 1796 1364 935

322 1381 529 1455 τούμοῦ
555 1391 783 1456 νομίζω,
811 1392 1008 1458 καίπερ
1035 1384 1103 1442 οὐ
1129 1385 1391 1443 δοκοῦνθ’
1421 1386 1592 1461 ὅμως·

323 1474 415 1540 τῆς
440 1469 540 1539 μὲν
565 1469 669 1541 γὰρ
699 1468 867 1526 οὐδὲν
894 1467 1060 1542 ἄλγος
1085 1469 1288 1538 ἅψεταί
1307 1496 1454 1545 ποτε,

321 1559 540 1610 πολλῶν
568 1554 627 1609 δὲ
652 1554 880 1626 μόχθων
908 1552 1137 1627 εὐκλεὴς
1161 1557 1453 1614 ἐπαύσατο.

323 1635 428 1710 ἐγω
456 1636 517 1707 δ’,
541 1635 606 1694 ὃν
638 1636 705 1695 οὐ
730 1645 869 1711 χρῆν
894 1646 1017 1711 ζῆν,
1046 1645 1238 1713 παρεὶς
1262 1641 1322 1698 τὸ
1348 1644 1616 1717 μόρσιμον

321 1722 538 1794 λυπρὸν
565 1724 729 1790 διάξω
755 1731 972 1795 βίοτον·
1014 1723 1137 1796 ἄρτι
1162 1729 1451 1799 μανθάνω.
1710 1744 1793 1787 940

321 1814 433 1873 πῶς
457 1807 562 1880 γὰρ
590 1809 777 1880 δόμων
802 1807 964 1865 τῶνδ’
997 1812 1248 1878 εἰσόδους
1275 1810 1560 1886 ἆνέξομαι;

318 1889 414 1948 τίν’
444 1889 512 1948 ἂν
535 1894 881 1966 προσειπών.
907 1901 1007 1951 τοῦ
1033 1896 1094 1952 δε
1119 1900 1456 1971 προσρηθεὶς
1482 1897 1592 1956 ὕπο

319 1979 576 2049 [τερπνῆς
606 1974 823 2051 τύχοιμ’
858 2005 929 2038 αν
960 1983 1211 2051 εἰσόδους
1244 1997 1344 2040 ποι·
1368 1986 1686 2059 τρέψομαι];

319 2059 349 2132 ἡ
376 2085 476 2133 μεν
508 2060 612 2135 γὰρ
645 2067 810 2119 ἔνδον
843 2066 997 2138 ἐξελᾷ
1021 2062 1068 2136 μ’
1100 2068 1313 2137 ἐρημία,

317 2146 581 2218 γυναικὸς
609 2170 774 2213 ευνας
801 2146 906 2204 εὖτ’
935 2146 1004 2204 ἂν
1032 2156 1218 2206 εἰσίδω
1252 2152 1416 2218 κενὰς
1706 2166 1787 2210 945

315 2231 562 2302 θρόνους
586 2229 626 2287 τ’
656 2236 715 2289 ἐν
747 2229 891 2289 οἷσιν
923 2231 1026 2305 ἷζε,
1054 2237 1147 2291 και
1171 2236 1307 2292 κατὰ
1333 2239 1525 2310 στέγας

316 2313 603 2388 αὐχμηρον
634 2310 829 2389 οὖδας,
859 2321 1023 2375 τέκνα
1050 2318 1101 2376 δ’
1131 2319 1273 2392 ἀμφὶ
1300 2324 1532 2394 γούνασι

312 2407 581 2457 πίπτοντα
607 2410 770 2477 κλαίῃ
797 2402 998 2476 μητέρ’,
1023 2398 1071 2461 οἳ
1103 2406 1165 2461 δὲ
1190 2407 1448 2464 δεσπότιν

312 2489 577 2543 στένωσιν
602 2492 725 2544 οἵαν
749 2492 807 2544 ἐκ
834 2490 1022 2561 δόμων
1053 2489 1361 2548 ἀπώλεσαν.

317 2569 380 2625 τὰ
403 2570 504 2641 μὲν
536 2570 645 2627 κατ’
685 2573 840 2630 οἷκον
864 2573 1039 2630 τοιάδ’
1060 2595 1069 2604 ·
1099 2580 1309 2643 ἔξωθεν
1333 2580 1399 2634 δέ
1419 2600 1485 2649 με
1702 2589 1784 2631 950

313 2654 476 2726 γάμοι
504 2654 543 2711 τ’
580 2660 743 2714 ε’λῶσι
768 2666 1066 2716 Θεσσαλῶν
1090 2663 1181 2716 καὶ
1205 2663 1459 2734 ξύλλογοι

314 2749 808 2814 γυναικοπληθεῖς·
835 2742 902 2800 οὐ
931 2745 1035 2817 γὰρ
1065 2749 1379 2818 ἐξανέξομαι

314 2822 562 2881 λεύσσων
588 2827 862 2900 δάμαρτος
885 2836 980 2900 τῆς
1005 2833 1133 2901 ἐμῆς
1163 2829 1440 2903 ὁμήλικας.

317 2909 433 2975 ἐρεῖ
455 2909 519 2964 δέ
539 2907 586 2980 μ’
617 2909 764 2977 ὅστις
790 2913 989 2984 ἐχθρὸς
1015 2911 1093 2969 ὧν
1118 2929 1283 2987 κυρεῖ
1306 2916 1462 2972 τάδε·

1425 2997 1456 3045 3
1472 2995 1496 3025 ια
