2022 3126
240 73 343 124 442

246 560 357 609 XO.

852 76 1276 125 ΙΠΠΟΛΥΤΟΣ

436 212 575 286 ῶμοι
598 238 690 287 μοι
714 217 883 271 σέθεν
902 223 924 247 *
949 224 970 247 *
995 225 1017 248 *
1041 226 1062 248 *
1086 223 1111 251 *
1132 222 1156 251 *

435 301 626 371 μέλεος
642 343 656 371 ,
683 296 804 355 οἷον
830 299 983 355 εἶδον
1005 298 1169 372 ἄλγος
1187 300 1391 371 δόμων,

432 381 498 440 οὐ
524 382 724 456 τλητὸν
756 381 890 440 οὐδὲ
915 384 1108 456 ῥητόν·
1135 381 1256 440 ἀλλ’
1287 382 1613 456 ἀπωλόμην·

433 475 629 540 ἕρημος
653 468 826 539 οἶκος,
853 471 946 524 καὶ
967 467 1113 525 τέκν’
1144 467 1531 542 ὀρφανεύεται.

430 561 607 619 ἔλιπες
635 559 842 621 ἔλιπες,
875 548 919 606 ῶ
950 559 1082 621 φίλα

431 644 718 709 γυναικῶν
743 635 938 709 ἀρίστα
962 636 1024 694 θ’
1054 636 1257 703 ὁπόσας
1283 641 1459 712 ἐφορᾷ

435 725 638 794 φέγγος
664 720 856 779 άελίου
880 746 938 779 τε
965 725 1058 778 καὶ

432 806 632 872 νυκτὸς
657 805 982 877 αστερωπόν
1013 807 1192 870 σέλας.

434 892 626 963 τάλας,
654 893 695 947 ῶ
722 893 914 958 τάλας·
964 890 1097 948 ὅσον
1144 891 1318 948 κακὸν
1347 898 1456 963 ἔχει
1486 892 1666 963 δόμος.

436 977 678 1047 δάκρυσί
698 1000 807 1048 μου
831 979 1083 1049 βλέφαρα

433 1064 816 1132 καταχυθέντα
839 1065 1088 1133 τέγγεται
1113 1067 1183 1135 σᾷ
1206 1060 1344 1134 τύχα
1359 1079 1369 1089 ·

431 1146 491 1202 τό
521 1145 572 1202 δ’
602 1148 692 1202 ἐπὶ
715 1152 856 1221 τῷδε
880 1153 1031 1218 πῆμα
1056 1152 1273 1218 φρίσσω
1299 1145 1479 1200 πάλαι.

242 1236 360 1286 ΘΗ.
425 1238 485 1287 ἔα
519 1237 580 1286 ἔα
597 1250 607 1259 ·

250 2172 360 2220 XO.

431 1322 489 1371 τί
509 1315 578 1387 δή
601 1313 734 1371 ποθ’
754 1340 767 1381 ;
792 1312 893 1386 ἥδε
917 1318 1105 1380 δέλτος
1131 1318 1190 1370 ἐκ
1222 1320 1386 1386 φίλης
1409 1315 1567 1385 χερὸς

433 1398 710 1473 ἠρτημένη
735 1402 891 1456 θέλει
914 1425 964 1456 τι
990 1406 1230 1507 σημῆναι
1253 1402 1409 1466 νέον;

435 1484 555 1541 ἀλλ’
585 1487 618 1556 ἠ
643 1488 835 1556 λέχους
859 1509 952 1557 μοι
979 1488 1071 1541 καὶ
1094 1487 1304 1541 τέκνων
1330 1483 1616 1550 ἐπιστολὰς

435 1578 677 1642 ἔγραψεν
701 1568 734 1640 ἡ
762 1570 1030 1642 δύστηνος
1054 1572 1435 1642 ἐξαιτουμένη
1424 1614 1437 1636 ,

433 1656 661 1727 θάρσει,
688 1655 944 1711 τάλαινα·
977 1657 1174 1725 λέκτρα
1197 1653 1302 1726 γὰρ
1328 1653 1393 1710 τὰ
1419 1656 1639 1726 Θησέως

432 1739 536 1796 οὐκ
564 1747 676 1797 ἔστι
701 1745 733 1796 δ
739 1740 857 1812 ῶμά
882 1737 943 1796 θ’
971 1737 1089 1811 ἥτις
1115 1748 1342 1795 εἴσεισιν
1366 1739 1525 1811 γυνή.

434 1828 526 1881 καὶ
549 1824 658 1897 μὴν
683 1825 848 1881 τύποι
871 1848 934 1896 γε
958 1824 1270 1896 σφενδόνης
1293 1824 1640 1897 χρυσηλάτου

433 1917 527 1981 τῆς
552 1907 734 1966 οὐκέτ’
764 1908 931 1982 οὔσης
953 1915 1119 1981 τῆσδε
1143 1916 1550 1981 προσσαίνουσί
1567 1932 1649 1980 με.

435 1992 584 2066 φέρ’,
613 1997 846 2062 ἐξελίξας
870 1994 1165 2067 περιβολὰς
1190 1994 1621 2066 σφραγισμάτων

437 2085 537 2136 ἴδω
562 2085 619 2134 τί
638 2082 786 2146 λέξαι
811 2081 997 2144 δέλτος
1020 2077 1120 2150 ἥδε
1145 2103 1237 2150 μοι
1260 2081 1432 2134 θέλει.

430 2170 540 2236 φεῦ
568 2170 703 2235 φεῦ·
729 2175 756 2205 *
782 2162 897 2219 τόδ’
928 2165 999 2219 αὐ
1025 2163 1260 2235 νεοχμὸν
1283 2166 1531 2233 ἐκδοχαῐς

434 2251 685 2320 ἐπιφέρει
709 2248 841 2314 θεὸς
864 2246 1054 2304 κακόν.
1091 2251 1209 2319 ἐμοὶ
1234 2272 1334 2319 μεν
1357 2249 1460 2303 οὐν

1819 1160 1902 1206 855

1816 2090 1900 2136 865

438 2333 657 2405 αβίοτος
682 2341 810 2406 βίου
835 2334 972 2405 τύχα
996 2332 1132 2404 πρὸς
1151 2333 1208 2388 τὸ
1234 2333 1483 2404 κρανθεν
1508 2341 1590 2404 εἴη
1616 2346 1815 2403 τυχεῖν.

439 2416 738 2490 ὀλομένους
760 2419 862 2491 γάρ
878 2463 892 2490 ,
919 2415 1098 2475 οὐκέτ’
1127 2416 1288 2483 ὄντας
1310 2419 1470 2489 λέγω,

440 2510 548 2574 φεῦ
575 2511 683 2575 φεῦ
700 2547 714 2574 ,
741 2510 852 2559 τῶν
877 2507 1024 2576 ἐμῶν
1046 2503 1338 2575 τυράννων
1364 2502 1582 2573 δόμους.

438 2583 502 2660 [ῶ
525 2594 738 2660 δαῖμον,
768 2597 821 2644 εἴ
843 2611 957 2654 πως
982 2594 1123 2658 ἔστι,
1147 2587 1220 2659 μὴ
1245 2586 1459 2660 σφήλῃς
1484 2586 1704 2658 δόμους,

440 2675 762 2745 αἰτουμένης
786 2674 849 2728 δὲ
876 2678 1056 2729 κλῦθί
1073 2691 1202 2743 μου·
1231 2670 1366 2744 πρὸς
1389 2671 1492 2743 γάρ
1519 2693 1666 2737 τινος

442 2758 645 2814 οίωνόν
676 2756 814 2814 ὥστε
836 2758 1027 2829 μάντις
1054 2762 1248 2829 εἰσορῶ
1283 2756 1491 2829 κακόν.]

1816 2513 1901 2559 870
