2022 3126
264 82 368 134 384
928 81 1269 128 ΙΚΕΤΙΔΕΣ

454 229 539 280 ἔα·
566 222 748 294 λόγων
772 227 853 285 τίς
879 218 1136 291 ἐμποδῶν
1163 215 1249 274 ὅδ’
1277 225 1518 290 ἔρχεταις

454 312 760 378 Καδμεῖος,
789 303 862 370 ῶς
885 311 1065 361 ἔοικεν
1089 301 1156 360 οὐ
1182 302 1319 375 σάφ’
1349 304 1537 376 εἰδότι,

452 394 642 463 κῆρυξ.
704 394 945 461 ἐπίσχες,
972 387 1043 461 ἤν
1067 388 1121 445 σ’
1150 387 1434 462 ἀπαλλάξῃ
1457 390 1634 446 πόνου

450 475 637 548 μολῶν
666 473 883 532 ὕπαντα
909 488 1019 539 τοῖς
1045 477 1192 545 ἐμοῖς
1216 475 1612 546 βουλεύμασιν.

263 569 384 618 KH.
447 568 527 628 τίς
553 567 651 633 γῆς
675 561 976 633 τύραννος;
1005 559 1143 631 πρὸς
1166 556 1272 614 τίν’
1307 557 1564 631 ἀγγεῖλαί
1585 584 1652 632 με
1675 561 1777 632 χρὴ

449 647 649 718 λόγους
672 647 974 718 Κρέοντος,
1003 641 1062 710 ὃς
1086 657 1280 715 κρατεῖ
1298 644 1529 716 Κάδμου
1555 645 1777 716 χθονός,

444 729 786 795 Ἐτεοκλέους
809 729 1083 794 θανόντος
1109 726 1248 801 ἀμφ’
1281 730 1656 802 ἑπταστόμους

451 816 627 882 πύλας
653 813 903 886 ἀδελφοῦ
927 817 1070 886 χειρὶ
1093 820 1474 880 Πολυνείκους
1499 813 1638 883 ὕπο;

261 908 382 958 ΘΗ.
457 907 679 971 πρῶτον
704 902 805 972 μὲν
832 897 979 971 ἤρξω
1005 905 1105 955 τοῦ
1131 899 1301 970 λόγου
1327 905 1577 970 ψευδῶς,
1604 904 1743 972 ξένε,

451 993 627 1058 ζητῶν
650 986 929 1057 τύραννον
955 982 1150 1040 ἐνθάδ’
1170 1003 1180 1013 ·
1207 982 1274 1040 ού
1299 987 1404 1056 γὰρ
1431 982 1652 1058 ἄρχεται

451 1070 573 1137 ἑνὸς
598 1070 734 1141 πρὸς
759 1068 989 1141 ἀνδρός,
1017 1067 1137 1125 ἀλλ’
1167 1072 1438 1140 ἐλευθέρα
1462 1070 1635 1136 πόλις.

453 1161 623 1228 δῆμος
648 1153 701 1211 δ’
732 1153 959 1211 ἀνάσσει
984 1159 1329 1226 διαδοχαῖσιν
1355 1158 1414 1211 ἐν
1438 1157 1592 1227 μέρει

453 1245 849 1311 ἐνιαυσίαισιν,
879 1237 1004 1310 οὐχὶ
1026 1247 1100 1314 τῷ
1130 1240 1351 1315 πλούτῳ
1379 1239 1572 1306 διδους

452 1325 511 1382 τὸ
540 1334 824 1397 πλεῖστον,
851 1322 989 1380 ἀλλὰ
1013 1323 1089 1396 χῶ
1115 1326 1283 1396 πένης
1308 1331 1448 1396 ἔχων
1475 1334 1613 1381 ἴσον.

264 1420 384 1469 ΚΗ.
449 1416 510 1467 ἓν
535 1412 636 1482 μὲν
660 1411 758 1467 τόδ
765 1409 776 1429 ’
806 1408 938 1483 ἡμῖν
965 1406 1150 1482 ῶσπερ
1177 1413 1237 1466 έν
1265 1423 1486 1475 πεσσοῖς
1511 1415 1679 1477 δίδως

451 1510 708 1567 κρεῖσσον
727 1515 737 1525 ·
765 1497 922 1561 πόλις
946 1494 1051 1569 γὰρ
1077 1488 1140 1567 ἧς
1166 1494 1271 1567 ἐγω
1301 1493 1521 1567 πάρειμ’
1552 1494 1659 1552 ἄπο

454 1581 575 1648 ἑνὸς
599 1581 736 1653 πρὸς
761 1579 992 1651 ἀνδρός,
1020 1577 1123 1637 οὐκ
1149 1579 1292 1656 ὄχλῳ
1316 1580 1673 1652 κρατύνεται·

447 1665 574 1723 οὐδ’
605 1673 754 1722 ἔστιν
779 1664 954 1737 αὐτὴν
979 1663 1127 1732 ὅστις
1153 1670 1439 1737 ἐκχαυνῶν
1463 1666 1646 1738 λόγοις

455 1752 591 1823 πρὸς
616 1754 810 1823 κέρδος
835 1757 980 1807 ἴδιον
1009 1748 1194 1808 ἄλλοτ’
1229 1752 1426 1807 ἄλλοσε
1457 1753 1697 1823 στρέφει·

451 1835 478 1893 ὁ
507 1842 540 1893 δ
547 1835 559 1855 '
588 1835 767 1909 αὐτίχ’
797 1835 935 1908 ἡδὺς
959 1839 1052 1892 καὶ
1076 1835 1268 1902 διδοὺς
1293 1835 1502 1907 πολλὴν
1526 1837 1705 1909 χάριν,

453 1928 707 1988 εἰσαῦθις
732 1919 948 1994 ἔβλαψ’,
978 1921 1090 1978 εἶτα
1116 1927 1396 1993 διαβολαῖς
1421 1923 1571 1986 νέαις

451 2010 656 2072 κλέψας
680 2007 746 2063 τὰ
770 2007 986 2079 πρόσθε
1011 2004 1289 2079 σφάλματ’
1319 2008 1475 2073 ἐξέδυ
1500 2011 1673 2076 δίκης.

453 2090 631 2158 ἄλλως
659 2115 718 2148 τε
742 2099 857 2158 πῶς
882 2088 951 2147 ἂν
978 2091 1050 2163 μὴ
1078 2091 1397 2163 διορθεύων
1426 2091 1627 2162 λόγους

454 2175 642 2249 ὀρθῶς
670 2175 885 2234 δύναιτ’
917 2173 985 2232 ἂν
1012 2181 1183 2248 δῆμος
1210 2174 1479 2232 εὐθύνειν
1504 2175 1699 2243 πόλιν;

452 2261 480 2319 ὁ
507 2261 611 2335 γὰρ
635 2262 829 2335 χρόνος
853 2262 1100 2334 μάθησιν
1124 2259 1247 2318 ἀντὶ
1272 2267 1370 2317 τοῦ
1398 2260 1594 2332 τάχους

454 2355 690 2417 κρείσσω
723 2352 935 2404 δίδωσι.
992 2347 1234 2418 γαπόνος
1259 2346 1310 2403 δ’
1340 2344 1480 2418 ἀνὴρ
1506 2347 1674 2417 πένης

456 2439 506 2489 εί
526 2435 617 2489 καὶ
643 2436 856 2505 γένοιτο
883 2431 954 2504 μὴ
981 2430 1226 2504 ἀμαθής,
1255 2438 1433 2504 ἔργων
1458 2428 1569 2487 ὕπο

455 2516 557 2574 οὐκ
583 2515 651 2574 ἂν
680 2518 909 2574 δύναιτο
934 2517 1070 2590 πρὸς
1094 2517 1157 2572 τὰ
1184 2516 1329 2573 κοίν’
1360 2514 1711 2588 ἀποβλέπειν.

453 2596 487 2674 ἦ
513 2603 580 2675 δὴ
606 2608 849 2668 νοσῶδες
878 2609 1042 2659 τοῦτο
1066 2615 1176 2667 τοῖς
1200 2600 1505 2673 ἀμείνοσιν,

455 2685 588 2746 ὅταν
612 2688 854 2760 πονηρὸς
878 2685 1071 2760 ἀξίωμ’
1102 2685 1242 2760 ἀνὴρ
1269 2693 1362 2760 ἔχῃ

454 2773 673 2847 γλώσσῃ
697 2771 985 2844 κατασχῶν
1009 2777 1213 2844 δῆμον,
1239 2769 1407 2828 οὐδὲν
1433 2767 1512 2826 ῶν
1542 2769 1598 2826 τὸ
1624 2774 1773 2842 πρίν.

265 2866 383 2915 ΘΗ.
451 2858 657 2931 κομψός
680 2856 730 2930 γ’
764 2855 791 2914 ὁ
817 2861 989 2930 κῆρυξ
1015 2859 1106 2913 καὶ
1133 2856 1476 2928 παρεργάτης
1501 2855 1699 2927 λόγων.

1842 1086 1925 1129 405

1849 1509 1931 1552 410

1846 1935 1927 1977 415

1847 2360 1928 2402 420

1846 2782 1928 2824 425
