2022 3126
226 78 331 133 350

225 228 255 281 1
260 229 318 279 P.

629 81 969 128 ΗΡΑΚΛΗΣ
1000 81 1509 129 ΜΑΙΝΟΜΕΝΟΣ

417 230 679 291 θαρσεῖτε
703 220 927 286 Νυκτὸς
953 218 1112 292 τήνδ’
1142 218 1382 292 ὁρῶντες
1407 228 1641 293 ἔκγονον

416 307 647 362 Λύσσαν
662 350 676 377 ,
706 307 987 377 γέροντες,
1013 303 1151 376 κάμὲ
1175 304 1276 377 τὴν
1300 313 1455 362 θεῶν
1479 307 1672 378 λάτριν

411 384 565 463 Ἶριν·
609 391 766 447 πόλει
791 390 896 462 γὰρ
922 389 1091 446 οὐδὲν
1116 387 1325 461 ἥκομεν
1349 392 1569 463 βλάβος,

418 474 540 540 ἑνὸς
566 474 618 532 δ’
647 473 724 532 ἐπ’
754 473 957 547 ἀνδρὸς
983 475 1206 546 δώματα
1232 476 1621 547 στρατεύομεν,
1808 489 1892 534 825

415 558 481 617 ὅν
506 581 679 632 φασιν
705 560 846 616 εἶναι
872 560 1049 632 Ζηνὸς
1069 557 1372 632 Ἀλκμήνης
1397 559 1435 616 τ’
1465 559 1588 617 ἄπο.

417 648 552 716 πρὶν
579 646 681 718 μὲν
704 645 810 717 γὰρ
835 643 1048 710 ἄθλους
1071 649 1456 717 ἐκτελευτῆσαι
1480 645 1732 717 πικρούς,

414 729 473 786 τὸ
499 731 601 803 χρή
633 754 723 785 νιν
755 735 1037 801 ἐξέσωζεν,
1070 728 1196 784 οὐδ’
1234 738 1317 784 εἴα
1349 731 1525 800 πατὴρ

417 816 557 880 Ζεύς
583 839 675 872 νιν
698 821 880 881 κακῶς
912 820 1051 885 δρᾶν
1078 812 1187 870 οὔτ’
1219 813 1293 886 ἔμ’
1322 813 1455 872 οὔθ’
1484 813 1665 888 ’Ἠραν
1689 818 1835 872 ποτέ.

418 903 537 957 ἐπεὶ
561 901 623 957 δὲ
646 901 890 972 μόχθους
918 898 1199 970 διεπέρασ’
1230 899 1591 972 Εὐρυσθέως,
1806 914 1890 958 830

397 982 541 1055 ‘'Hpoc
565 986 843 1056 προσάψαι
869 984 1061 1041 κοινὸν
1085 981 1189 1055 αἷμ’
1219 984 1369 1061 αὐτῷ
1396 989 1550 1041 θέλει

411 1075 609 1136 παῖδας
633 1076 1076 1140 κατακτείναντι,
1103 1073 1359 1126 συνθέλω
1385 1068 1433 1126 δ’
1469 1070 1593 1142 ἐγώ.

410 1152 523 1210 ἄλλ’
553 1152 643 1226 εἶ’,
673 1153 938 1226 ἄτεγκτον
965 1162 1320 1226 συλλαβοῦσα
1344 1160 1596 1226 καρδίαν,

408 1239 631 1304 Νυκτὸς
656 1246 911 1310 κελαινῆς
939 1238 1239 1310 ἀνυμέναιε
1266 1242 1531 1310 παρθένε,

410 1332 607 1395 μανιάς
632 1323 670 1379 τ’
701 1322 775 1380 ἐπ’
806 1323 971 1394 ἀνδρὶ
998 1329 1138 1398 τῷδε
1164 1327 1256 1380 καὶ
1280 1326 1680 1390 παιδοκτόνους
1803 1338 1885 1383 835

410 1416 637 1480 φρενῶν
662 1409 977 1481 ταραγμοὺς
1004 1412 1096 1465 καὶ
1120 1415 1311 1465 ποδῶν
1336 1410 1673 1482 σκιρτήματα

410 1501 608 1551 ἔλαυνε
633 1502 793 1565 κίνει,
827 1495 1028 1565 φόνιον
1055 1498 1182 1561 ἐξίει
1205 1496 1407 1565 κάλων,

409 1578 482 1645 ὡς
508 1577 577 1636 ἄν
601 1581 878 1651 πορεύσας
903 1578 968 1636 δι’
993 1578 1347 1651 Ἀχερούσιον
1372 1581 1549 1652 πόρον

407 1664 503 1721 τὸν
528 1671 861 1722 καλλίπαιδα
886 1668 1164 1736 στέφανον
1189 1663 1437 1739 αὐθέντῃ
1463 1666 1619 1740 φόνῳ

406 1757 522 1824 γνῷ
547 1751 648 1822 μὲν
673 1748 952 1822 τόνἽΙρας
980 1747 1094 1816 οἷός
1123 1749 1223 1807 ἐστ’
1257 1748 1408 1825 αὐτῷ
1435 1751 1611 1822 χόλος,
1799 1764 1885 1808 840

407 1835 560 1908 μάθῃ
587 1836 649 1891 δὲ
672 1834 769 1892 τὸν
795 1835 927 1907 ἐμόν
943 1855 953 1865 ·
982 1832 1016 1906 ἢ
1042 1838 1170 1891 θεοὶ
1192 1836 1294 1907 μὲν
1319 1834 1588 1907 οὐδαμοῦ,

405 1919 471 1975 τὰ
495 1920 676 1992 θνητὰ
703 1925 735 1976 δ
745 1918 756 1938 '
788 1927 937 1976 ἔσται
965 1922 1191 1992 μεγάλα,
1221 1924 1294 1992 μὴ
1322 1920 1517 1985 δόντος
1542 1925 1722 1991 δίκην.

221 2009 378 2059 ΑΤΤ.
409 2008 461 2071 ἐξ
489 2003 754 2076 εὐγενοῦς
779 2006 881 2077 μὲν
904 2005 1108 2077 πατρὸς
1133 2012 1192 2061 ἐκ
1217 2029 1275 2060 τε
1299 2007 1531 2077 μητέρος

404 2091 654 2160 πέφυκα,
680 2089 904 2155 Νυκτὸς
933 2088 1198 2161 Οὐρανοῦ
1224 2088 1262 2145 τ’
1294 2087 1384 2161 ἀφ’
1413 2095 1660 2161 αἵματος·

403 2174 560 2246 τιμὰς
585 2180 618 2231 δ
628 2172 640 2193 '
671 2182 773 2246 ἔχω
800 2173 975 2243 τάσδ’,
1009 2173 1112 2230 οὐκ
1139 2173 1454 2247 ἀγασθῆναι
1480 2181 1680 2246 φίλοις,
1795 2187 1879 2232 845

402 2257 528 2315 οὐδ’
557 2258 760 2332 ἥδομαι
786 2258 1018 2331 φοιτῶσ’
1052 2258 1126 2316 ἐπ>
1158 2258 1479 2333 ἀνθρώπων
1512 2264 1765 2331 [φίλους].

403 2349 729 2416 παραινέσαι
759 2348 845 2416 δέ,
879 2347 1011 2417 πρὶν
1039 2353 1347 2415 σφαλεῖσαν
1379 2351 1624 2410 εἰσιδεῖν,

388 2426 532 2503 ’Ἡρα
556 2434 705 2486 θέλω
731 2438 822 2486 σοί
841 2428 901 2500 τ’,
927 2427 997 2502 ἢν
1022 2428 1262 2501 πίθησθ’
1294 2434 1441 2502 ἐμοῖς
1467 2431 1667 2502 λόγοις,

403 2512 542 2587 ἀνὴρ
569 2512 654 2570 ὅδ’
688 2513 791 2571 οὐκ
815 2513 1021 2587 ἄσημος
1045 2512 1152 2571 οὔτ’
1185 2518 1273 2571 ἐπὶ
1300 2518 1466 2587 χθονὶ

403 2597 514 2654 οὔτ’
545 2603 604 2655 ἐν
629 2610 875 2670 θεοῖσιν,
909 2593 978 2656 οῦ
1000 2604 1065 2671 γέ
1087 2598 1133 2672 μ’
1167 2603 1480 2672 εἰσπέμπεις
1505 2598 1738 2672 δόμους·
1791 2613 1875 2655 850

403 2681 610 2755 ἄβατον
635 2685 697 2741 δὲ
720 2685 905 2757 χώραν
930 2688 1021 2741 καὶ
1047 2686 1337 2742 θάλασσαν
1360 2684 1562 2758 ἀγρίαν

403 2770 770 2840 ἐξημερώσας,
798 2777 952 2826 θεῶν
976 2768 1274 2842 ἀνέστησεν
1298 2771 1466 2842 μόνος

403 2852 557 2923 τιμὰς
582 2856 881 2919 πιτνούσας
904 2852 1147 2911 ἀνοσίων
1172 2853 1397 2923 ἀνδρῶν
1423 2853 1558 2912 ῦπο·
