2022 3126
127 495 239 545 ΕΚ.

126 1587 234 1637 ΑΓ.

122 1926 236 1974 ΕΚ.

121 2010 233 2059 ΑΓ.

123 2095 236 2143 ΕΚ.

127 2179 233 2227 ΑΓ.

120 2264 235 2312 ΕΚ.

124 2348 234 2396 ΑΓ.

125 2433 235 2480 ΕΚ.

827 96 1065 143 ΕΚΑΒΗ

1676 94 1770 146 167

318 236 455 307 πρὸς
477 241 650 291 ταῦτα
674 231 923 306 φρόντιζ’
942 253 954 262 ·
985 231 1058 298 ὦς
1081 236 1321 290 θέλοντα
1345 237 1448 306 μέν
1467 234 1529 305 μ’
1557 242 1693 307 ἔχεις

315 322 403 376 σοὶ
425 322 771 391 ξυμπονῆσαι
795 320 888 373 καὶ
909 315 1082 388 ταχὺν
1106 319 1492 390 προσαρκέσαι,

315 403 534 475 βραδὺν
557 407 592 458 δ
598 400 633 472 ’,
652 400 883 472 Ἀχαιοῖς
910 407 961 457 εἰ
981 403 1441 473 διαβληθήσομαι.

312 494 449 560 φεῦ·

314 570 417 628 οὐκ
444 578 555 627 ἔστι
579 576 807 641 θνητῶν
832 568 980 634 ὅστις
1004 567 1115 626 ἔστ’
1145 570 1465 642 ἐλεύθερος·

312 652 348 727 ἢ
371 656 662 727 χρημάτων
686 653 792 725 γὰρ
819 654 1018 719 δοῦλός
1042 657 1191 709 ἐστιν
1214 651 1250 725 ἢ
1273 655 1456 726 τύχης,

314 737 351 811 ἦ
374 746 590 810 πλῆθος
611 736 784 794 αὐτὸν
809 739 1004 802 πόλεος
1025 734 1062 809 ἦ
1084 739 1272 810 νόμων
1296 741 1507 811 γραφαὶ

317 833 564 895 εἴργουσι
587 829 825 894 χρῆσθαι
848 822 921 894 μὴ
947 821 1084 878 κατὰ
1105 823 1332 894 γνώμην
1356 824 1594 895 τρόποις.

315 910 433 964 ἐπεὶ
457 908 519 964 δὲ
540 915 759 979 ταρβεῖς
784 913 858 981 τῷ
883 905 933 962 τ’
962 904 1108 981 ὄχλῳ
1134 909 1303 963 πλέον
1329 910 1526 978 νέμεις,

315 992 422 1063 ἐγώ
446 1010 507 1048 σε
530 992 690 1063 θήσω
715 988 869 1046 τοῦδ’
899 991 1201 1063 ἐλεύθερον
1226 992 1425 1063 φόβου.

311 1077 538 1132 σύνισθι
563 1076 664 1147 μὲν
687 1073 791 1149 γάρ
807 1118 821 1146 ,
847 1073 918 1146 ἥν
942 1099 992 1131 τι
1017 1076 1306 1147 βουλεύσω
1331 1075 1506 1132 κακὸν

312 1167 387 1235 τῷ
410 1158 566 1216 τόνδ’
595 1158 1009 1230 ἄποκτειναντι,
1037 1160 1352 1232 συνδράσῃς
1378 1162 1439 1217 δε
1462 1161 1551 1231 μή.

310 1241 381 1317 ἦν
407 1243 462 1300 δ’
492 1248 544 1312 ἐξ
564 1243 796 1315 Ἀχαιῶν
819 1245 1068 1317 θόρυβος
1092 1242 1127 1316 ἢ
1144 1242 1428 1315 ’πικουριά

310 1347 609 1400 πασχοντος
634 1327 837 1401 ἀνδρὸς
863 1328 1078 1401 Θρῃκὸς
1102 1326 1189 1384 οἷα
1213 1336 1457 1384 πείσεται

313 1421 463 1486 φανῇ
488 1438 595 1484 τις,
623 1413 772 1485 εἶργε
795 1412 867 1484 μὴ
895 1418 1078 1469 δοκι-ὄν
1105 1412 1240 1484 ἐμὴν
1263 1414 1439 1485 χάριν.

311 1497 376 1553 τὰ
402 1495 454 1553 δ’
487 1497 625 1553 ἄλλα
647 1499 849 1570 θάρσει
866 1516 876 1526 ·
906 1495 1068 1553 πάντ’
1097 1496 1202 1568 ε’γώ
1230 1495 1389 1568 θήσω
1415 1504 1609 1563 καλῶς.

310 1588 426 1646 πῶς
453 1575 585 1648 οῧν;
616 1588 671 1637 τί
692 1581 939 1651 δράσειςς
966 1582 1169 1652 πότερα
1198 1582 1484 1653 φάσγανον
1507 1585 1624 1654 χερὶ

312 1673 558 1737 λαβοῦσα
583 1673 751 1740 γραίᾳ
776 1672 932 1736 φῶτα
957 1666 1240 1737 βάρβαρον
1264 1680 1488 1736 κτενεῖς,

313 1747 348 1821 ἦ
372 1750 741 1822 φαρμάκοισιν
764 1746 799 1821 ἢ
817 1748 1100 1823 ’πικουρίᾳ
1122 1757 1261 1817 τίνι;

310 1841 391 1899 τίς
416 1853 501 1891 σοι
526 1837 779 1902 ξυνέσται
802 1841 953 1905 χείρ;
988 1834 1167 1890 πόθεν
1193 1835 1377 1905 κτήσει
1402 1840 1628 1907 φίλους;

312 1922 498 1991 στέγαι
520 1916 821 1974 κεκεύθασ’
850 1923 971 1974 αἵδε
1005 1919 1282 1993 Τρῳάδων
1307 1917 1484 1990 ὄχλον.

309 2003 404 2069 τὰς
428 2003 802 2075 αἰχμαλώτους
829 2002 999 2073 εἶπας,
1018 2001 1294 2074 Ἑλλήνων
1319 2002 1524 2076 ἅγραν;

308 2087 415 2143 σὺν
441 2093 628 2144 ταῖσδε
651 2087 749 2144 τὸν
773 2086 906 2158 ἐμὸν
929 2090 1106 2159 φονέα
1130 2088 1524 2160 τιμωρήσομαι.

312 2174 404 2228 καὶ
427 2179 542 2238 πῶς
564 2174 818 2243 γυναιξὶν
841 2169 1091 2243 ἀρσένων
1119 2179 1269 2228 ἔσται
1294 2173 1519 2244 κρατος;

311 2256 499 2312 δεινὸν
524 2255 584 2312 τὸ
610 2263 822 2328 πλῆθος
843 2256 948 2312 σὺν
973 2256 1119 2330 δόλῳ
1146 2280 1204 2312 τε
1230 2257 1525 2327 δύσμαχον.

311 2342 498 2397 δεινόν
514 2361 525 2370 ·
553 2339 612 2396 τὸ
639 2343 826 2412 μέντοι
849 2346 1000 2411 θῆλυ
1024 2344 1305 2412 μέμφομαι
1330 2343 1506 2412 γένος.

308 2432 366 2480 τί
388 2424 440 2480 δ’
462 2452 474 2492 ;
517 2423 583 2481 οὐ
610 2438 868 2496 γυναῖκες
893 2421 1042 2480 εἷλον
1065 2426 1356 2496 Αἰγύπτου
1380 2427 1543 2481 τέκνα

309 2512 401 2565 καὶ
422 2517 649 2581 Λῆμνον
674 2507 850 2581 ἄρδην
875 2506 1125 2581 ἀρσένων
1148 2509 1439 2584 ἐξῴκισαν;

312 2592 432 2649 ἀλλ’
460 2591 531 2660 ὥς
555 2596 806 2666 γενέσθω
824 2612 834 2621 ·
865 2595 1026 2650 τόνδε
1050 2595 1151 2664 μὲν
1173 2596 1340 2665 μέθες
1365 2592 1548 2666 λόγον,

311 2679 527 2749 πέμψον
553 2681 618 2734 δέ
637 2701 729 2748 μοι
752 2676 910 2749 τήνδ’
937 2674 1198 2748 ἀσφαλῶς
1222 2678 1315 2734 διὰ
1339 2684 1573 2750 στρατοῦ

311 2775 563 2833 γυναῖκα.
612 2764 706 2817 καὶ
728 2761 798 2817 σὺ
825 2764 1001 2834 Θρῃκὶ
1024 2770 1297 2818 πλαθεῖσα
1322 2765 1457 2835 ξένῳ

311 2847 491 2913 λέξον·
524 2854 682 2902 καλεῖ
701 2843 755 2901 σ’
785 2842 996 2901 ἄνασσα
1022 2846 1090 2916 δή
1117 2844 1238 2902 ποτ’
1260 2845 1421 2902 Ἰλίου

1691 1090 1776 1134 870

1692 1511 1774 1556 875

1691 2772 1773 2816 890
