2022 3126
108 252 228 300 ΑΠ.

107 337 223 385 ΘΑ.

106 421 228 469 AH.

109 506 225 553 ΘΑ.

115 590 228 638 AH.

107 674 222 722 ΘΑ.

105 759 228 806 AH.

108 844 222 892 ΘΑ.

106 928 227 976 ΛΠ.

107 1013 222 1061 ΘΑ.

107 1097 226 1145 ΑΠ

106 1776 220 1824 ΘΑ.

115 2195 206 2243 XO

749 103 1070 149 ΑΛΚΗΣΤΙ
1072 106 1124 150 Σ

299 243 457 301 οὗτοι
486 243 655 298 πλέον
679 239 730 312 γ’
765 237 835 296 ὅῖν
863 238 898 311 ἢ
920 247 1054 312 μίαν
1077 241 1263 312 ψυχὴν
1287 244 1492 313 λάβοις.

296 332 440 385 νέων
465 324 794 397 φθινόντων
819 332 1002 397 μεῖζον
1026 323 1270 397 ἄρνυμαι
1295 329 1474 397 γέρας.

297 410 401 468 κᾶν
425 416 600 483 γραῦς
626 407 844 482 ὄληται,
879 416 1157 476 πλουσίως
1184 411 1502 482 ταφήσεται.

300 495 437 566 πρὸς
461 501 573 550 τῶν
599 494 865 565 ἐχόντων,
893 502 1092 566 Φοῖβε,
1120 495 1216 551 τὸν
1238 495 1416 567 νόμον
1439 502 1615 568 τίθης.

306 587 421 644 πῶς
446 579 628 645 εἷπας;
655 577 777 634 ἀλλ’
807 571 842 649 ἦ
868 581 961 634 καὶ
986 578 1158 651 σοφὸς
1183 583 1422 652 λέληθας
1449 579 1558 648 ὤνς

298 661 521 740 ,ὄναιντ’
557 659 627 718 ἂν
654 661 752 728 οὓς
777 665 1006 734 πάρεστι
1033 664 1301 736 γηραιοὺς
1324 675 1542 721 θανεῖν.

299 748 510 805 οὔκουν
537 753 690 804 δοκεῖ
711 767 798 804 σοι
823 749 989 820 τήνδε
1013 773 1105 821 μοι
1131 754 1330 806 δοῦναι
1354 751 1543 822 χάριν;

301 833 367 890 οὐ
396 831 548 905 δῆτ’·
577 837 863 889 ἐπίστασαι
888 834 950 889 δε
974 833 1102 899 τοὺς
1127 834 1294 906 ἐμοὺς
1316 836 1573 905 τρόπους.

297 918 536 990 ἐχθρούς
559 941 622 989 γε
645 927 874 989 θνητοῖς
897 921 990 974 καὶ
1014 928 1168 984 θεοῖς
1192 922 1620 992 στυγουμένους.

298 1001 400 1059 οὐκ
428 999 497 1058 α“ν
530 1003 726 1058 δύναιο
750 1001 913 1059 πάντ’
943 1010 1090 1074 ἔχειν
1115 1028 1149 1059 α
1174 1006 1246 1076 μή
1271 1025 1332 1061 σε
1359 1010 1459 1061 δεῖ.

294 1082 329 1160 ἧ
353 1087 464 1160 μὴν
487 1087 558 1143 σὺ
591 1095 766 1146 πείσει
809 1095 1008 1160 καίπερ
1034 1087 1180 1160 ὠμὸς
1206 1113 1285 1145 ων
1311 1088 1480 1161 άγαν·

298 1187 441 1238 τοῖος
467 1175 710 1244 Φέρητος
736 1172 840 1229 εἶσι
866 1174 1003 1242 πρὸς
1028 1174 1234 1246 δόμους
1257 1172 1427 1247 ἀνήρ,

292 1257 639 1331 Εὐρυσθέως
671 1260 984 1330 πέμψαντος
1007 1264 1231 1315 ἵππειον
1253 1262 1387 1331 μέτα

297 1341 471 1416 ὄχημα
497 1343 716 1416 Θρῄκης
740 1347 799 1399 ἐκ
823 1344 1008 1400 τόπων
1033 1347 1429 1416 δυσχειμέρων,

297 1425 451 1499 ὂςδὴ
479 1431 741 1494 ξενωθεὶς
764 1427 941 1484 τοῖσδ’
974 1433 1035 1484 ἐν
1054 1428 1327 1501 Ἀδμήτου
1356 1430 1546 1502 δόμοις

295 1519 391 1587 βία
415 1527 653 1584 γυναῖκα
676 1513 842 1584 τήνδε
866 1511 919 1569 σ’
948 1515 1302 1586 ἐξαιρήσεται.

301 1595 486 1664 [κοῦθ’
516 1595 548 1669 ἡ
575 1596 708 1668 παρ’
737 1595 894 1670 ἡμῶν
919 1618 1005 1654 σοι
1031 1600 1318 1670 γενήσεται
1341 1600 1495 1672 χάρις

295 1683 515 1753 δράσεις
538 1681 600 1738 θ’
635 1680 834 1754 ὁμοίως
859 1682 1034 1753 ταῦτ’,
1062 1683 1364 1757 ἀπεχθήσει
1387 1683 1436 1739 τ’
1466 1689 1623 1757 έμοί.]

297 1764 458 1822 πόλλ’
488 1763 556 1822 ἂν
582 1767 652 1823 σὺ
677 1770 831 1835 λέξας
859 1765 1027 1824 οὐδὲν
1052 1765 1122 1824 ἂν
1149 1772 1318 1825 πλέον
1343 1771 1558 1842 λάβοις·

294 1849 328 1923 ἡ
355 1849 407 1906 δ’
437 1845 541 1907 οὖν
567 1852 710 1924 γυνὴ
735 1853 982 1909 κάτεισιν
1008 1853 1290 1919 εἰς”Αιδου
1317 1856 1539 1926 δόμους.

294 1942 488 2007 στείχω
515 1935 568 1992 δ’
598 1935 684 1993 ἐπ’
714 1936 916 2010 αὐτήν,
945 1936 1018 2003 ὡς
1041 1941 1390 2012 κατάρξωμαι
1415 1946 1594 2012 ξίφει·

296 2020 444 2093 ἱερὸς
468 2021 572 2094 γὰρ
599 2014 759 2088 οὗτος
784 2029 895 2079 τῶν
919 2023 1056 2079 κατὰ
1080 2024 1285 2095 χθονὸς
1308 2032 1463 2081 θεῶν

294 2103 428 2162 ὅτου
453 2104 572 2163 τόδ’
600 2113 755 2180 ε”γχος
778 2108 978 2180 κρατὸς
1003 2107 1204 2184 ἁγνίσῃ
1228 2117 1401 2182 τρίχα.

297 2197 350 2243 τί
369 2191 496 2246 ποθ’
519 2191 717 2261 ἡσυχία
738 2195 989 2260 πρόσθεν
1010 2196 1332 2266 μελάθρων;

297 2283 355 2332 τί
373 2282 657 2347 σεσίγηται
680 2276 848 2348 δόμος
865 2276 1166 2351 Ἀδμήτου;

295 2363 406 2425 ἀλλ’
434 2364 565 2419 οὐδὲ
593 2370 772 2434 φίλων
791 2368 958 2429 πέλας
978 2362 1178 2435 οὐδείς,

294 2443 440 2512 ὅστις
464 2443 535 2503 ἂν
559 2456 703 2504 εἴποι
729 2449 963 2519 πότερον
987 2452 1271 2521 φθιμένην

290 2530 392 2601 χρὴ
423 2537 706 2601 βασίλειαν
737 2542 999 2604 πενθεῖν,
1026 2530 1062 2606 ἢ
1085 2531 1209 2602 ζῶσ’

298 2620 375 2670 ἔτι
401 2622 519 2688 φῶς
544 2617 764 2673 λεύσσει
790 2625 1001 2674 Πελίου
1026 2620 1154 2675 τόδε
1178 2631 1304 2685 παῖς

281 2695 594 2772 ’Ἀλκηστις,
621 2704 741 2772 ἐμοὶ
765 2709 906 2758 πᾶσί
922 2700 970 2758 τ’
1000 2700 1193 2776 ἀρίστη

299 2782 500 2849 δόξασα
527 2786 669 2856 γυνὴ

297 2867 460 2922 πόσιν
486 2873 564 2932 εἰς
591 2865 760 2941 αὑτῆς
782 2877 1137 2943 γεγενῆσθαι.

1715 344 1770 385 55

1716 766 1770 807 60

1713 1190 1767 1233 65

1713 1618 1765 1658 70

1713 2040 1764 2086 75
