2022 3126
235 411 350 459 XO.

235 579 351 627 ΘΗ.

233 831 331 881 [H.

234 1170 352 1219 ΘΗ.

233 1678 333 1726 ΙΠ.

234 1848 351 1895 ΘΗ.

232 2016 329 2064 ῙΠ.

232 2184 349 2234 ΘΗ.

230 2439 327 2486 III.

231 2776 349 2824 ΘΗ.

855 96 1278 144 ΙΠΠΟΛΤΤΟΣ

427 232 802 306 [ἐσωφρόνησε
834 235 887 291 δ’
921 234 1024 292 οὐκ
1055 243 1255 309 ἔχουσα
1286 248 1619 307 σωφρονεῖν,

425 317 579 391 ἡμεῖς
605 316 656 375 δ’
686 326 901 391 ἔχοντες
926 316 993 375 οὐ
1018 324 1197 384 καλῶς
1221 321 1544 390 ἐχρώμεθα]

419 402 704 476 ἀρκοῦσαν
731 404 882 470 εἴπας
907 409 1081 468 αἰτίας
1106 401 1481 475 ἀποστροφήν,

423 485 625 559 ὅρκους
652 488 975 561 παρασχών,
1003 494 1185 543 πίστιν
1215 485 1283 542 οὐ
1308 486 1573 557 σμικράν,
1591 491 1766 543 θεῶν.

421 565 511 642 ἆρ’
543 570 646 628 οὐκ
671 571 884 648 ἐπῳδὸς
904 574 997 627 καὶ
1020 572 1151 643 γόης
1176 568 1380 642 πέφυχ’
1411 569 1522 641 ὅδε,

423 654 482 722 ὂς
507 656 608 728 τὴν
633 656 769 729 ε’μὴν
794 659 1063 713 πέποιθεν
1090 653 1391 729 εὐοργησίᾳ

421 740 607 812 ψυχὴν
630 742 924 813 κρατήσειν
947 740 1044 797 τὸν
1067 737 1279 796 τεκόντ’
1315 737 1606 810 ἆτιμάσας;

422 827 513 881 καὶ
537 833 640 882 σοῦ
665 849 727 897 γε
755 826 928 899 κάρτα
951 831 1123 881 ταῦτα
1146 821 1439 896 θαυμάζω,
1472 823 1669 895 πάτερ·

424 916 474 965 εἰ
494 909 598 981 γὰρ
624 909 693 966 σὺ
718 912 819 981 μὲν
845 923 970 975 παῖς
994 903 1149 981 ἧσθ’,
1176 908 1281 980 ἐγώ
1311 908 1373 964 δὲ
1397 907 1491 974 σὸς
1514 910 1710 982 πατήρ,

423 995 636 1051 ἔκτεινά
660 1001 749 1050 τοί
768 992 820 1050 σ’
849 991 918 1050 ἂν
941 992 1045 1050 κού
1072 1007 1276 1065 φυγαῖς
1307 996 1580 1065 ἐζημίουν,

423 1088 574 1149 εἰπερ
602 1079 864 1151 γυναικὸς
890 1078 1076 1150 ἠξίους
1100 1081 1229 1149 ἐμῆς
1253 1087 1455 1149 θιγεῖν.

424 1161 495 1228 ὡς
521 1161 673 1229 ἄξιον
696 1162 807 1219 τόδ’
837 1163 1014 1228 εἶπας·
1040 1161 1140 1233 οὐχ
1168 1160 1312 1218 οὕτω
1341 1172 1522 1232 θανεῖ,

422 1247 604 1319 ὥσπερ
629 1246 700 1304 σὺ
725 1253 910 1323 σαυτῷ
935 1248 1096 1303 τόνδε
1120 1247 1446 1317 προύθηκας
1472 1246 1671 1316 νόμον·

421 1332 585 1403 ταχὺς
609 1332 714 1404 γὰρ
730 1330 919 1404 ’Ἅιδης
945 1336 1139 1406 ῥᾷστος
1163 1329 1327 1402 ἀνδρὶ
1354 1336 1639 1402 δυσσεβεῖ·

422 1414 540 1472 ἀλλ’
571 1420 630 1473 ἐκ
655 1418 909 1490 πατρῴας
934 1416 1115 1489 φυγὰς
1140 1413 1425 1487 ἀλητεύων
1448 1415 1654 1486 χθονός

423 1504 603 1573 [ξένην
627 1500 713 1559 ἐπ’
741 1501 868 1558 αἶαν
891 1500 1107 1573 λυπρὸν
1133 1499 1418 1571 ἀντλήσεις
1442 1506 1568 1572 βίον
1586 1517 1597 1527 ·

422 1586 622 1658 μισθὸς
646 1585 750 1658 γὰρ
776 1580 937 1653 οὗτός
962 1590 1109 1642 ἐστιν
1128 1583 1292 1657 ἀνδρὶ
1311 1589 1604 1656 δυσσεβεῖ].

425 1680 597 1742 οἴμοι,
624 1678 682 1727 τί
703 1671 949 1744 δράσειςς
973 1669 1105 1727 οὐδὲ
1134 1673 1387 1742 μηνυτὴν
1411 1670 1612 1740 χρόνον

425 1759 567 1822 δέξει
589 1754 720 1812 καθ’
751 1753 936 1828 ἡμῶν,
968 1754 1106 1812 ἄλλα
1131 1754 1191 1827 μ’
1222 1759 1405 1828 ἐξελᾷς
1427 1754 1662 1825 χθονός;

422 1843 596 1911 πέραν
624 1864 687 1912 γε
711 1842 918 1896 πόντου
943 1840 1228 1912 τερμόνων
1253 1837 1304 1895 τ’
1337 1837 1720 1910 Ἀτλαντικῶν,

425 1933 478 1980 εἴ
502 1947 616 1990 πως
642 1931 947 1997 δυναίμην,
975 1923 1047 1990 ὡς
1071 1924 1172 1980 σὸν
1196 1928 1437 1996 ἐχθαίρω
1463 1924 1620 1995 κάρα.

422 2007 545 2064 οὐδ’
577 2007 747 2081 ὅρκον
773 2009 907 2066 οὐδὲ
931 2017 1116 2066 πίστιν
1141 2007 1273 2064 οὐδὲ
1297 2009 1548 2079 μάντεων

423 2093 606 2164 φήμας
629 2096 845 2166 ἐλέγξας
862 2092 1095 2166 ’ἄκριτον
1121 2096 1367 2164 ἐκβαλεῖς
1391 2115 1456 2164 με
1481 2098 1605 2163 γῆς;

418 2176 450 2249 ἡ
477 2180 664 2243 δέλτος
689 2175 789 2249 ἥδε
814 2185 1023 2250 κλῆρον
1047 2175 1114 2233 οὐ
1142 2179 1444 2248 δεδεγμένη

420 2276 715 2334 κατηγορεῖ
732 2281 833 2319 σου
860 2262 1048 2318 πιστά·
1078 2260 1206 2327 τοὺς
1232 2260 1284 2318 δ’
1317 2260 1457 2332 ὑπὲρ
1483 2261 1625 2332 κάρα

422 2353 729 2417 φοιτῶντας
754 2345 935 2418 ὄρνεις
959 2344 1116 2404 πόλλ’
1146 2345 1251 2417 ἐγω
1277 2353 1493 2417 χαίρειν
1515 2347 1673 2416 λέγω.

420 2425 463 2487 ὦ
488 2438 618 2487 θεοί
625 2475 639 2502 ,
668 2439 727 2488 τί
745 2437 880 2503 δῆτα
905 2429 1112 2503 τούμὸν
1136 2429 1204 2486 οὐ
1229 2428 1345 2486 λύω
1371 2431 1561 2502 στόμα,

419 2514 566 2582 ὅστις
590 2515 651 2588 γ’
680 2515 782 2588 ὑφ’
812 2514 997 2588 ὑμῶν,
1024 2512 1120 2580 οὓς
1144 2518 1317 2587 σέβω,
1344 2515 1666 2586 διόλλυμαι;

419 2598 485 2655 οὐ
512 2605 672 2671 δῆτα·
708 2601 925 2665 πάντως
948 2598 1014 2655 οὐ
1039 2597 1256 2670 πίθοιμ’
1287 2596 1354 2654 ἂν
1379 2597 1477 2665 οὕς
1499 2622 1566 2671 με
1591 2604 1692 2671 δεῖ,

417 2685 592 2756 μάτην
617 2683 669 2740 δ’
699 2682 768 2740 ἂν
793 2682 995 2755 ὅρκους
1019 2681 1306 2755 συγχέαιμ’
1336 2680 1434 2748 οὓς
1460 2681 1660 2755 ὤμοσα.

420 2778 591 2839 οἴμοι·
619 2769 679 2826 τὸ
708 2768 913 2840 σεμνὸν
943 2767 1014 2834 ὥς
1044 2767 1101 2840 μ’
1133 2767 1447 2824 ἀποκτείνει
1471 2767 1530 2823 τὸ
1556 2768 1673 2824 σόν.

417 2851 521 2908 οὐκ
550 2854 600 2909 εἶ
624 2853 876 2929 πατρςόας
900 2852 1051 2918 ἐκτὸς
1080 2850 1152 2918 ὡς
1175 2852 1395 2923 τάχιστα
1419 2858 1547 2924 γῆςς

1781 333 1889 379 1035

1782 755 1891 798 1040

1780 1176 1890 1218 1045

1778 1599 1890 1642 1050

1780 2022 1888 2064 1055

1777 2443 1886 2487 1060

1775 2864 1881 2907 1065
