2022 3126
216 99 318 154 114

907 101 1178 149 BAKXAI

405 240 527 300 ὥστ’
561 248 612 298 εἰ
633 247 921 313 παρῆσθα,
947 243 1046 298 τὸν
1072 241 1213 298 θεὸν
1237 239 1335 297 τὸν
1358 247 1469 297 νῦν
1491 245 1681 315 ψέγεις

403 325 654 399 εὐχαῖσιν
677 322 749 382 α”ν
769 333 1040 398 μετῆλθες
1068 325 1292 382 εἰσιδών
1315 326 1461 382 τάδε.

405 413 760 484 ξυνήλθομεν
783 411 846 468 δὲ
868 412 1132 483 βουκόλοι
1155 413 1248 466 καὶ
1272 413 1546 483 ποιμένες,

406 503 615 554 κοινῶν
645 496 830 567 λόγων
853 497 1127 560 δώσοντες
1153 493 1409 567 ἀλλήλοις
1435 502 1571 569 ἔριν,
1790 513 1869 558 715

405 580 479 646 ὡς
504 579 663 637 δεινὰ
694 586 869 652 δρῶσι
893 581 1201 683 θαυμάτων
1223 577 1263 635 τ’
1294 582 1510 648 ἐπάξια·

403 673 502 723 καί
520 690 601 732 τις
624 667 833 738 πλάνης
856 663 966 722 κατ’
997 664 1134 721 άστυ
1159 667 1253 721 καὶ
1278 672 1487 748 τρίβων
1509 666 1693 738 λόγων

405 755 588 819 ἔλεξεν
619 758 695 817 εἰς
719 749 986 816 άπαντας·
1019 753 1060 806 ω
1087 749 1289 822 σεμνὰς
1313 750 1524 816 πλάκας

402 843 654 901 ναίοντες
681 834 886 907 ὀρέων,
915 838 1108 892 θέλετε
1131 835 1515 907 θηρασώμεθα

402 923 671 986 Πενθέως
688 919 929 993 Ἀγαύην
952 918 1131 993 μητέρ’
1160 924 1220 976 ἐκ
1243 920 1644 992 βακχευμάτων
1788 933 1872 978 720

401 1008 563 1079 χάριν
586 1004 626 1062 τ’
655 1003 849 1062 ἄνακτι
874 1012 1096 1077 θῶμεν;
1119 998 1183 1061 εὖ
1207 1003 1262 1061 δ’
1292 1003 1424 1077 ἡμῖν
1448 1007 1632 1076 λέγειν

405 1095 584 1163 έδοξε,
609 1091 848 1163 θάμνων
880 1089 932 1147 δ’
962 1094 1308 1194 ἐλλοχίζομεν
1334 1091 1533 1162 φόβαις

402 1177 716 1247 κρύψαντες
741 1174 970 1241 αυτούς
998 1199 1054 1233 αι
1079 1177 1140 1232 δε
1165 1174 1266 1247 τὴν
1291 1177 1630 1246 τεταγμένην

405 1260 557 1330 ω’ραν
580 1265 807 1317 ἐκίνουν
838 1261 1061 1360 θύρσον
1087 1266 1162 1325 εἰς
1193 1261 1563 1331 βακχεύματα,

385 1345 605 1417 Ἴακχον
629 1343 822 1420 άθρόςο
847 1346 1071 1416 στόματι
1094 1343 1191 1400 τὸν
1205 1344 1343 1409 Διὸς
1366 1346 1536 1416 γόνον
1792 1360 1871 1402 725

398 1432 642 1503 Βρόμιον
665 1436 960 1486 καλοῦσαι·
994 1437 1104 1486 πᾶν
1128 1430 1190 1485 δὲ
1214 1426 1569 1501 συνεβάκχευ’
1600 1427 1725 1501 ὅρος

402 1518 494 1573 καὶ
517 1522 715 1587 θῆρες,
745 1513 913 1571 οὐδὲν
939 1514 990 1571 δ’
1019 1508 1088 1586 ἦν
1114 1513 1377 1586 ἀκίνητον
1401 1515 1606 1588 δρόμῳ.

401 1614 566 1672 κυρεῖ
586 1606 618 1656 δ
625 1599 638 1618 ’
661 1599 864 1672 Ἀγαύη
891 1607 1126 1672 πλησίον
1150 1600 1489 1671 θρώσκουσά
1511 1623 1618 1671 μου
1635 1619 1646 1629 ·

403 1685 554 1757 κάγὼ
575 1683 848 1758 ’ξεπήδησ’
878 1683 950 1751 ὡς
974 1686 1324 1758 συναρπάσαι
1347 1687 1552 1755 θέλων,

405 1773 614 1842 λόχμην
638 1772 882 1835 κενώσας
907 1769 1020 1826 ἔνθ’
1050 1771 1396 1841 ἐκρύπτομεν
1419 1772 1601 1841 δέμας.
1790 1783 1871 1827 730

404 1856 438 1927 ἣ
465 1861 498 1912 δ
508 1854 520 1874 ’
551 1854 855 1927 ἀνεβόησεν
874 1875 886 1884 ·
915 1849 958 1910 ὦ
985 1857 1257 1927 δρομάδες
1283 1856 1406 1926 ἐμαὶ
1429 1855 1613 1924 κύνες,

404 1939 687 2012 θηρώμεθ’
718 1939 943 2009 ἀνδρῶν
968 1939 1134 1996 τῶνδ’
1165 1937 1253 1995 ὕπ’
1272 1959 1282 1968 ·
1312 1936 1423 1994 ἀλλ’
1453 1941 1661 1995 ἕπεσθέ
1680 1962 1790 2011 μοι,

403 2028 608 2082 ἕπεσθε
632 2026 869 2097 θύρσοις
896 2023 989 2080 διὰ
1012 2031 1191 2097 χερῶν
1217 2021 1573 2095 ὡπλισμέναι.

398 2108 553 2182 ἡμεῖς
576 2110 677 2182 μὲν
700 2103 804 2166 οὖν
831 2110 1135 2181 φεύγοντες
1161 2110 1493 2181 ἐξηλύξαμεν

402 2201 635 2267 Βακχῶν
665 2195 1007 2266 σπαραγμόν,
1038 2194 1094 2250 αἳ
1118 2195 1179 2250 δὲ
1200 2197 1530 2266 νεμομέναις
1554 2194 1724 2266 χλόην
1786 2207 1867 2250 735

403 2280 623 2352 μόσχοις
646 2284 895 2351 ἐπῆλθον
916 2278 1098 2350 χειρὸς
1127 2277 1396 2350 ἀσιδήρου
1420 2281 1569 2350 μέτα.

404 2367 497 2422 καὶ
521 2364 620 2436 τὴν
649 2365 750 2436 μὲν
776 2360 846 2420 ἂν
870 2369 1156 2436 προσεῖδες
1184 2361 1431 2436 εὔθηλον
1456 2364 1621 2432 πόριν

402 2454 737 2522 μυκωμένην
764 2456 996 2521 ἔχουσαν
1020 2453 1080 2505 ἐν
1103 2463 1290 2520 χεροῖν
1314 2448 1525 2518 ἀκμαῖς,

402 2533 562 2591 ἄλλαι
587 2536 647 2591 δὲ
673 2536 916 2607 δαμάλας
943 2535 1248 2606 διεφόρουν
1272 2535 1676 2607 σπαράγμασιν.

404 2619 546 2685 εἶδες
572 2625 604 2676 δ
612 2618 625 2639 ’
656 2616 724 2676 ἂν
752 2616 788 2692 ἢ
811 2618 995 2690 πλεύρ’
1030 2616 1064 2690 ἢ
1090 2625 1316 2691 δίχηλον
1341 2626 1572 2690 ἔμβασιν
1783 2628 1864 2673 740

403 2705 675 2776 ῥιπτόμεν’
707 2702 821 2760 άνω
846 2728 904 2761 τε
926 2707 1019 2760 καὶ
1042 2704 1187 2760 κάτω
1204 2723 1215 2734 ·
1265 2702 1544 2775 κρεμαστὰ
1568 2702 1630 2759 δὲ

401 2787 575 2857 ἔσταζ’
609 2786 698 2845 ὑπ’
730 2790 944 2854 ἐλάταις
968 2786 1380 2862 ἀναπεφυρμέν’
1407 2793 1609 2860 αἵματι.

402 2880 598 2948 ταῦροι
621 2872 673 2930 δ’
703 2871 960 2947 ὑβρισταὶ
982 2881 1095 2940 κείς
1118 2877 1280 2948 κέρας
1304 2874 1651 2945 θυμούμενοι
