2022 3126
828 112 1078 159 ΕΛΕΝΗ

303 256 366 306 τὰ
391 257 562 319 ζῶντα
585 262 697 314 τοῖς
720 254 998 304 θανοῦσιν
1022 246 1253 320 ἀποδοίη
1279 245 1403 304 ποτ’
1430 242 1561 323 άνς]

300 335 368 390 σὺ
394 334 461 406 δὴ
489 332 554 390 τὰ
577 339 677 389 τοῦ
703 338 843 388 θεοῦ
868 334 960 387 καὶ
982 331 1048 387 τὰ
1075 338 1174 387 τοῦ
1199 331 1403 402 πατρὸς
1428 332 1639 402 σκόπει,

304 425 536 491 πότερον
564 416 591 473 ὁ
619 422 833 487 δαίμων
858 414 933 486 χώ
963 415 1159 471 θανών
1182 415 1247 471 τὰ
1271 421 1382 472 τῶν
1405 418 1571 481 πέλας

1659 107 1760 157 213

1683 430 1764 473 915

397 504 408 518 Ι
567 499 581 521 2
624 498 646 517 Ἃ
720 497 742 517 Ἃ
819 498 830 517 ³
948 501 959 517 Ι
1121 497 1134 518 ,
1175 497 1197 516 ’Ν
1266 499 1277 518 2
1440 506 1462 516 u
1642 500 1654 518 Ι

303 511 562 574 βουλοιντ
613 525 682 556 αν
711 525 738 572 η
768 524 834 557 ου
854 507 1115 571 βουλοιντ
1164 524 1232 555 αν
1250 505 1557 556 αποδουναι
1581 508 1761 557 παλιν,

299 591 443 642 δοκῶ
467 589 582 658 μέν.
613 583 821 641 οὔκουν
843 585 945 656 χρή
970 603 1031 640 σε
1056 582 1312 659 συγγόνῳ
1337 587 1504 640 πλέον

299 674 488 743 νέμειν
512 678 722 744 ματαίῳ
748 676 957 740 μᾶλλον
980 666 1015 740 ἢ
1040 675 1255 744 χρηστῷ
1281 675 1461 738 πατρί.

298 762 350 812 εἰ
369 753 423 812 δ’
456 749 594 813 οῦσα
616 756 805 826 μάντις
828 756 920 809 καὶ
943 752 1009 809 τὰ
1032 751 1146 808 θεῖ’
1175 750 1450 824 ἡγουμένη

299 839 358 895 τὸ
384 842 485 911 μὲν
510 844 725 895 δίκαιον
747 845 847 894 τοῦ
874 836 1076 909 πατρὸς
1099 843 1442 908 διαφθερεῖς,

300 931 373 999 τῷ
398 922 451 980 δ’
484 921 551 980 οὐ
579 928 773 997 δικαίῳ
799 923 1054 996 συγγόνῳ
1080 922 1274 986 δώσεις
1298 922 1475 992 χάριν,

299 1007 525 1079 αἰσχρὸν
549 1008 614 1063 τὰ
638 1010 739 1079 μέν
767 1025 827 1063 σε
850 1016 979 1062 θεῖα
1003 1004 1161 1062 πάντ’
1192 1009 1471 1074 ἐξειδέναι,

299 1093 364 1147 τά
392 1090 441 1148 τ’
472 1090 604 1148 ὄντα
629 1094 721 1147 καὶ
744 1092 844 1163 μή,
870 1091 935 1146 τὰ
959 1091 1020 1146 δὲ
1048 1096 1233 1146 δίκαια
1258 1090 1330 1162 μὴ
1364 1092 1584 1146 εἰδέναι.

296 1188 320 1217 *
410 1187 434 1211 *
522 1189 546 1216 *
636 1190 660 1217 ια
752 1190 775 1214 *
865 1189 887 1213 ιιι
979 1188 1003 1215 *
1094 1189 1115 1214 *
1207 1190 1230 1215 *
1320 1185 1346 1215 *
1434 1186 1460 1217 *
1548 1186 1574 1216 *

295 1263 396 1332 τήν
422 1260 471 1316 τ’
499 1259 704 1317 ἀθλίαν
731 1258 837 1331 ἔμ’,
864 1258 1007 1316 οἷσιν
1037 1267 1282 1331 ἔγκειμαι
1307 1272 1512 1328 κακοῖς,

298 1349 490 1416 ῥῦσαι,
515 1346 797 1417 πάρεργον
822 1350 998 1401 δοῦσα
1021 1351 1183 1400 τοῦτο
1210 1350 1303 1415 τῆς
1328 1344 1517 1414 τύχης·

290 1427 514 1500 Ἑλένην
536 1429 641 1501 γὰρ
667 1427 851 1493 οὐδεὶς
875 1426 1021 1494 ὅστις
1045 1427 1111 1484 οῦ
1136 1442 1329 1499 στυγεῖ
1349 1434 1566 1500 βροτῶν
1583 1446 1593 1456 ·

296 1511 331 1584 ἢ
355 1515 615 1586 κλῄζομαι
639 1511 772 1569 καθ’
800 1511 1014 1568 Ἑλλάδ’
1043 1511 1114 1578 ὡς
1141 1511 1408 1583 προδοῦσ’
1436 1511 1570 1584 ε’μόν

296 1598 458 1653 πόσιν
483 1604 726 1669 Φρυγῶν
753 1596 937 1672 ᾤκησα
962 1598 1347 1670 πολυχρύσους
1373 1597 1594 1668 δόμους.

295 1679 365 1752 ἢν
389 1681 440 1738 δ’
467 1680 678 1738 Ἑλλάδ’
709 1689 855 1738 ἔλθω
879 1679 1096 1754 κάπιβῶ
1124 1682 1382 1753 Σπάρτης
1411 1680 1542 1739 ποτέ
1556 1695 1580 1750 ,’

295 1767 557 1832 κλύοντες
582 1767 879 1831 εἰσιδόντες
905 1764 977 1831 ὦς
999 1770 1211 1837 τέχναις
1237 1773 1391 1821 θεῶν

296 1849 513 1922 ὤλοντ’,
542 1850 647 1922 ἐγώ
674 1852 735 1907 δὲ
760 1851 1017 1920 προδότις
1040 1849 1142 1906 οὐκ
1168 1848 1314 1921 ἤμην
1339 1857 1537 1920 φίλων,

295 1935 460 1991 πάλιν
483 1933 539 2007 μ’
569 1933 829 2002 άνάξουσ’
860 1942 935 2000 εἰς
959 1935 1018 1990 τὸ
1046 1942 1277 2006 σῶφρον
1299 1927 1468 1999 αὖθις
1497 1926 1570 1989 αὖ

290 2021 608 2092 ἐκδώσομαί
631 2044 689 2075 τε
712 2018 978 2091 θυγατέρ’
1009 2017 1079 2091 ἣν
1106 2017 1290 2084 οὐδεὶς
1314 2032 1492 2091 γαμεῖ,

292 2103 392 2175 τὴν
417 2103 470 2160 δ’
502 2103 699 2161 ἐνθάδ’
731 2102 1011 2160 ἐκλιποῦσ’
1043 2101 1302 2176 ἀλητείαν
1329 2101 1533 2174 πικρὰν

295 2185 472 2245 ὄντων
495 2193 554 2245 ἐν
576 2198 749 2254 οἴκοις
771 2191 1063 2260 χρημάτων
1088 2187 1368 2260 ὀνήσομαι.

294 2279 381 2327 κεί
402 2275 503 2343 μὲν
526 2272 723 2329 θανών
747 2271 833 2329 ὅδ’
863 2277 922 2329 ἐν
940 2280 1090 2347 πυρᾷ
1111 2274 1443 2344 κατεσφάγη,

294 2355 481 2427 πρόσω
507 2355 605 2429 σφ’
636 2356 846 2414 ἀπόντα
871 2359 1134 2430 δακρύοις
1158 2354 1227 2413 ἂν
1250 2355 1483 2429 ἠγάπων
1500 2374 1511 2384 ’

293 2447 401 2496 νῦν
425 2440 478 2497 δ’
512 2440 645 2498 ὄντα
669 2444 761 2497 καὶ
785 2441 1022 2498 σωθέντ’
1052 2440 1528 2514 άφαιρεθήσομαι;

289 2523 362 2595 μὴ
390 2531 552 2598 δῆτα,
577 2524 836 2598 παρθέν’,
864 2525 1001 2582 ἀλλά
1023 2525 1077 2582 σ’
1104 2527 1330 2582 ἱκετεύω
1356 2526 1508 2583 τόδε·

293 2607 388 2674 δὸς
416 2610 517 2681 τὴν
545 2612 708 2682 χάριν
733 2635 825 2682 μοι
849 2612 1015 2683 τήνδε
1038 2613 1130 2667 καὶ
1153 2618 1325 2683 μιμοῦ
1352 2610 1589 2683 τρόπους

292 2692 495 2764 πατρὸς
519 2700 737 2750 δικαίου
753 2715 764 2725 ·
790 2699 943 2752 παισὶ
968 2695 1072 2767 γὰρ
1096 2698 1251 2761 κλέος
1274 2696 1400 2752 τόδε

290 2777 604 2849 κάλλιστον,
631 2777 778 2845 ὅστις
803 2784 861 2836 ἐκ
886 2779 1088 2851 πατρὸς
1111 2787 1349 2852 χρηστοῦ
1372 2779 1547 2852 γεγώς

292 2867 367 2925 εἰς
390 2860 592 2918 ταύτὸν
616 2857 756 2933 ἦλθε
779 2877 890 2929 τοῖς
915 2870 1134 2920 τεκοῦσι
1157 2865 1286 2931 τοὺς
1309 2864 1562 2933 τρόπους.

1682 849 1766 892 920

1684 1355 1762 1400 925

1681 1778 1765 1821 930

1678 2200 1762 2244 935

1675 2621 1760 2665 940
