2022 3126
602 75 943 121 ΗΡΑΚΛΗΣ
970 76 1479 124 ΜΑΙΝΟΜΕΝΟΣ

400 215 683 288 γέροντες,
709 211 882 269 οὐκέτ’
913 219 1025 269 ἐστι
1052 212 1325 286 δυσσεβὴς
1352 213 1510 287 ἀνήρ.
1790 231 1872 277 760

402 305 531 373 σιγᾷ
555 301 832 370 μέλαθρα·
869 297 1005 370 πρὸς
1027 296 1229 370 χοροὺς
1253 299 1606 372 τραπώμεθα.

401 390 553 456 φίλοι
582 382 686 456 γὰρ
714 380 1044 454 εὐτυχοῦσιν
1070 380 1167 448 οὓς
1193 382 1299 454 ἐγω
1325 386 1492 440 θέλω.

397 470 554 541 χοροὶ
576 471 730 540 χοροὶ
756 471 849 524 καὶ
871 475 1064 524 θαλίαι
1668 490 1782 541 στρ.

396 556 624 626 μέλουσι
651 553 834 626 Θήβας
863 552 1016 627 ἱερὸν
1039 550 1152 608 κατ’
1180 552 1332 609 ἄστυ.

397 640 732 712 μεταλλαγαὶ
758 636 862 710 γὰρ
891 637 1169 708 δακρύων,
1787 654 1871 699 765

396 725 730 798 μεταλλαγαὶ
755 730 1052 794 συντυχίας

396 817 421 844 *
477 819 504 846 *
560 823 585 849 *
647 815 835 864 ἔτεκον
860 806 1063 872 ἀοιδάς.

395 891 578 967 βέβακ’
608 891 742 960 ἅναξ
769 891 795 949 ὃ
824 893 1030 963 καινός,

394 977 423 1035 ὁ
449 979 510 1035 δὲ
533 985 858 1050 παλαίτερος

395 1078 589 1137 κρατεῖ
596 1108 610 1134 ,
638 1067 832 1135 λιμένα
858 1063 1033 1118 λιπών
1060 1085 1122 1133 γε
1152 1061 1250 1117 τὸν
1268 1060 1630 1134 Ἀχερόντιον.
1782 1077 1866 1122 770

394 1149 720 1221 δοκημάτων
748 1147 900 1213 ἐκτὸς
930 1140 1108 1219 ἦλθεν
1132 1150 1298 1213 ἐλπίς.

396 1237 522 1291 θεοὶ
548 1235 673 1290 θεοὶ
697 1240 809 1289 τῶν
834 1231 1045 1288 ἀδίκων
1666 1231 1780 1290 ἀντ,

393 1323 624 1393 μέλουσι
646 1322 739 1374 καὶ
764 1325 878 1374 τῶν
902 1315 1073 1374 ὁσίων
1103 1319 1311 1393 ἐπᾴειν.

393 1402 422 1461 ὁ
448 1403 652 1477 χρυσὸς
677 1402 712 1459 ἅ
737 1401 776 1459 τ’
807 1401 1034 1474 εὐτυχία

399 1496 624 1562 φρενῶν
652 1488 887 1561 βροτοὺς
913 1489 1174 1560 ἐξάγεται,
1786 1502 1870 1547 775

395 1576 630 1631 δύνασιν
655 1572 849 1630 ἄδικον
875 1576 1139 1645 ἐφέλκων.

391 1660 596 1732 χρόνου
621 1658 725 1732 γὰρ
753 1657 904 1725 οὔτις
931 1665 1056 1715 ἔτλα

394 1744 455 1801 τὸ
481 1745 648 1801 πάλιν
677 1750 924 1816 εἰσορᾶν·

392 1831 566 1902 νόμον
590 1833 922 1902 παρέμενος,
956 1827 1156 1903 ἀνομίᾳ
1179 1830 1341 1903 χάριν
1370 1833 1562 1896 διδους

393 1922 674 1986 ἔθραυσεν
700 1912 871 1987 ὄλβου
897 1912 1157 1971 κελαινὸν
1182 1912 1344 1986 ἅρμα.
1785 1924 1868 1969 780

388 1997 578 2071 Ἰσμήν’
609 1993 652 2055 ὦ
677 1999 1107 2072 στεφαναφόρει,
1665 2015 1780 2069 στρ.

389 2091 577 2153 ξεσταί
596 2083 656 2140 θ’
687 2084 1007 2140 ἑπταπύλου
1036 2084 1244 2148 πόλεως

390 2168 788 2241 ἀναχορεύσατ’
819 2166 1016 2240 ἀγυιαί
1023 2213 1036 2239 ,

391 2262 574 2327 Δίρκα
601 2252 661 2310 θ’
692 2251 725 2310 ἁ
750 2257 1196 2326 καλλιρρέεθρος,

391 2342 497 2397 σύν
525 2337 562 2396 τ’
586 2337 921 2404 Ἀσωπιάδες
944 2339 1123 2410 κόραι,
1783 2347 1865 2394 785

393 2425 596 2496 πατρὸς
621 2423 775 2495 ὕδωρ
807 2431 938 2496 βᾶτε
964 2430 1163 2479 λιποῦ-

388 2531 479 2567 σαι
505 2514 794 2566 συναοιδοὶ

389 2596 605 2667 νύμφαι
629 2595 726 2651 τὸν
744 2594 1076 2667 (Ηρακλέους

391 2687 713 2737 καλλίνικον
742 2679 934 2752 ἀγῶν’·
968 2673 1010 2734 ὦ

709 2779 792 2824 763
807 2801 868 2807 -
885 2779 963 2823 771
993 2799 1063 2820 :z
1087 2777 1169 2820 772
1185 2798 1244 2805 -·
1262 2775 1346 2820 780

709 2865 968 2910 781--797
994 2879 1065 2901 ==
1090 2863 1355 2907 798—814
