2022 3126
233 98 334 147 398

236 331 353 380 ΘΗ.

241 1948 354 1996 ΑΛ.

904 99 1234 146 ΙΚΕΤΙΛΕΣ

425 236 648 311 δώματα
673 237 895 295 λιποῦσ’
931 232 1054 311 ἦλθ’
1077 237 1307 310 Ἐρινύς.

422 327 637 396 μέλλων
663 321 713 380 σ’
743 328 982 394 ἐρωτᾶν,
1008 321 1155 396 ἡνίκ’
1188 324 1457 395 ἐξήντλεις
1484 327 1734 397 [στρατῶ]

424 410 616 481 γόους,
646 406 887 480 [ἀφήσω,
913 407 1044 474 τοὺς
1070 412 1186 464 ἐκεῖ
1205 409 1306 480 μὲν
1331 407 1593 477 ἐκλιπών]

427 504 582 550 εἴασα
605 495 826 566 μύθους
843 512 856 523 ·
882 500 990 550 νῦν
1016 498 1048 549 δ
1056 491 1391 563 ’”Αδραστον
1418 497 1640 563 ἱστορῶ·
1813 507 1898 551 840

425 580 605 635 πόθεν
630 578 765 635 ποθ’
796 583 912 635 οἵδε
936 584 1257 649 διαπρεπεῖς
1284 576 1523 652 εὐψυχίᾳ

422 671 650 736 θνητῶν
676 671 921 736 ἔφυσαν;
952 666 1070 719 εἰπέ
1093 663 1168 735 γ’,
1196 661 1267 729 ῶς
1294 664 1626 735 σοφώτερος,

424 752 634 805 νέοισιν
659 746 841 805 ἀστῶν
866 755 1014 805 τῶνδ
1025 746 1036 766 ’
1058 767 1068 777 ·
1098 749 1412 820 ἐπιστήμων
1436 748 1539 821 γὰρ
1572 749 1634 804 εἶ.

427 834 578 890 εἶδον
601 834 706 906 γὰρ
734 832 922 890 αὐτῶν
946 831 1224 905 κρείσσον’
1255 831 1288 905 ἢ
1313 836 1461 901 λέξαι
1486 834 1632 910 λόγῳ

425 917 755 991 τολμήμαθ’,
784 916 864 984 οἷς
888 917 1115 990 ἤλπιζον
1139 919 1388 991 αἱρήσειν
1416 919 1596 975 πόλιν.
1818 932 1899 976 845

425 1008 487 1060 ἓν
513 1002 566 1060 δ’
596 1002 697 1060 οὐκ
724 1005 992 1076 ἐρήσομαί
1011 1023 1100 1075 σε,
1129 1003 1203 1075 μὴ
1228 1001 1421 1075 γέλωτ’
1453 1002 1626 1077 ὄφλω,

425 1087 532 1145 ότω
578 1092 808 1160 ξυνέστη
833 1087 1000 1145 τῶνδ
1032 1093 1255 1154 ἕκαστος
1280 1093 1338 1145 ἐν
1364 1113 1397 1146 ιι
1405 1113 1504 1162 ιχῃ

422 1171 457 1246 ἢ
481 1180 697 1245 τραῦμα
721 1175 919 1246 λόγχης
940 1182 1225 1246 πολεμίων
1250 1177 1484 1273 ἐδέξατο.

423 1261 575 1315 κενοὶ
600 1258 703 1331 γὰρ
731 1260 885 1315 οὑτοι
909 1265 1021 1315 τῶν
1045 1257 1092 1314 τ’
1123 1257 1444 1315 ἀκουόντων
1473 1259 1627 1331 λόγοι

424 1347 516 1400 καὶ
541 1351 640 1400 τοῦ
670 1346 955 1416 λέγοντος·
985 1350 1099 1408 πῶς
1129 1367 1204 1409 τις
1238 1347 1294 1400 ἐν
1324 1369 1466 1418 μαχῃ
1497 1345 1671 1416 βεβῶς
1816 1359 1900 1401 850

423 1430 620 1501 λόγχης
645 1430 834 1501 ἰούσης
861 1430 1111 1500 πρόσθεν
1137 1426 1396 1500 ὀμμάτων
1424 1435 1635 1500 πυκνῆς

422 1522 612 1587 σαφῶς
637 1512 927 1586 ἀπήγγειλ’
957 1512 1103 1579 ὅστις
1134 1517 1280 1571 ἐστὶν
1306 1511 1543 1588 ἀγαθός;

425 1597 528 1655 οὐκ
555 1596 623 1655 ἂν
649 1605 928 1671 δυναίμην
955 1597 1073 1655 οὔτ’
1104 1603 1371 1672 ἐρωτῆσαι
1396 1600 1526 1655 τάδε

424 1682 542 1741 οὔτ’
575 1682 643 1741 ἂν
668 1688 938 1741 πιθέσθαι
965 1698 1106 1741 τοῖσι
1131 1690 1405 1756 τολμῶσιν
1429 1686 1637 1756 λέγειν·

424 1771 578 1842 μόλις
605 1769 707 1842 γὰρ
733 1768 802 1825 ἄν
827 1795 905 1835 τις
930 1768 1071 1826 αὐτὰ
1097 1767 1384 1842 τάναγκαῖ’
1416 1767 1553 1842 ὁρᾶν
1814 1782 1898 1825 855

423 1852 638 1911 δύναιτ’
668 1852 736 1911 ἂν
763 1854 927 1920 ἑστῶς
953 1862 1230 1927 πολεμίοις
1256 1858 1518 1920 ἐναντίος.

423 1940 590 1996 ἄκουε
617 1941 685 2011 δή
709 1960 842 1996 νυν·
872 1943 963 1995 καὶ
988 1940 1092 2012 γὰρ
1119 1938 1221 1996 οὐκ
1247 1938 1445 1998 ἄκοντί
1461 1963 1552 2011 μοι

423 2030 591 2090 δίδως
615 2032 842 2081 ἔπαινον
867 2024 1055 2096 τῶνδ’,
1083 2026 1189 2096 ἐγώ
1213 2049 1270 2081 τε
1295 2025 1562 2097 βούλομαι

425 2117 609 2182 φίλων
632 2108 815 2182 ἀληθῆ
840 2113 932 2166 καὶ
958 2108 1127 2166 δίκαι’
1159 2116 1334 2166 εἰπεῖν
1359 2112 1501 2181 πέρι.

423 2193 554 2270 ὁρᾷς
580 2194 640 2251 τὸ
670 2205 814 2252 Δῖον
840 2188 908 2251 οὗ
932 2198 1090 2267 βέλος
1115 2198 1397 2262 διέπτατο;
1816 2208 1899 2252 860

424 2279 723 2346 Καπανεὺς
748 2277 834 2337 ὅδ’
869 2284 1018 2338 ἐστίν
1035 2300 1045 2310 ·
1095 2274 1138 2355 ᾦ
1164 2288 1283 2353 βίος
1307 2281 1407 2353 μὲν
1432 2273 1501 2352 ἦν
1524 2281 1713 2351 πολύς,

421 2363 618 2438 ἥκιστα
643 2364 699 2422 δ’
727 2363 876 2442 ὄλβῳ
901 2372 1107 2438 γαῦρος
1132 2360 1226 2438 ἦν·
1255 2367 1514 2439 φρόνημα
1546 2366 1606 2421 δὲ

426 2449 594 2506 οὐδέν
618 2475 669 2507 τι
693 2460 878 2523 μεῖζον
904 2451 1049 2522 εἶχεν
1071 2447 1106 2522 ἢ
1131 2453 1298 2523 πένης
1323 2449 1480 2523 ἀνήρ,

426 2534 655 2607 φεύγων
678 2539 964 2608 τραπέζαις
993 2534 1140 2601 ὅστις
1171 2534 1435 2608 ἐξογκοῖτ’
1468 2533 1610 2607 ἄγαν

422 2618 720 2692 τάρκοῦντ’
751 2620 973 2690 ἀτίζων·
1005 2619 1072 2677 οὐ
1096 2621 1201 2693 γὰρ
1231 2625 1290 2678 ἐν
1314 2620 1548 2693 γαστρὸς
1574 2625 1716 2694 βορᾷ
1814 2631 1895 2674 865

422 2703 482 2761 τὸ
508 2705 745 2778 χρηστὸν
775 2708 915 2763 εἶναι
930 2709 1160 2778 ,μέτρια
1186 2704 1236 2762 δ’
1268 2710 1516 2778 ἐξαρκεῖν
1542 2711 1665 2778 ἔφη.

425 2797 585 2863 φίλος
609 2788 656 2846 τ’
686 2790 898 2864 ἀληθὴς
922 2784 992 2862 ἦν
1016 2798 1200 2864 φίλοις
1224 2798 1471 2865 παροῦσί
1489 2814 1547 2847 τε

428 2877 517 2931 καὶ
540 2876 614 2949 μὴ
638 2883 936 2947 παροῦσιν·
967 2878 1046 2932 ῶν
1071 2875 1309 2949 ἀριθμὸς
1332 2873 1399 2933 οὐ
1426 2876 1614 2942 πολύς.
