2022 3126
214 73 311 124 144

943 71 1190 117 EKABH

398 207 469 287 ἦν
495 215 556 271 δὲ
581 212 640 269 τὸ
667 212 770 285 μὲν
793 211 897 268 σόν
921 212 1184 268 σπεύδων
1207 204 1429 283 ἀγαθὸν

392 306 488 372 τῆς
510 297 855 372 μαντιπόλου
881 297 1097 368 Βάκχης
1122 293 1336 368 ἆνέχων

401 382 583 456 λέκτρ’
606 382 968 455 Ἀγαμέμνων
983 401 993 410 ·

399 469 473 526 τῶ
501 473 744 541 Θησείδα
769 465 845 540 δ’,
875 465 977 535 ὄζω
999 467 1275 538 Ἀθηνῶν,

400 561 611 612 δισσῶν
634 554 838 626 μύθων
866 553 1094 625 ῥήτορες
1117 544 1286 623 ἦσαν·

400 641 592 713 γνώμῃ
619 640 680 695 δὲ
703 646 803 713 μιᾷ
827 644 1257 710 συνεχωρείτην,

398 725 496 782 τὸν
507 723 811 797 Ἀχίλλειον
834 723 1049 796 τύμβον
1075 727 1394 794 στεφανοῦν

400 816 586 884 αἵματι
610 815 832 885 χλωρῷ,
860 808 925 864 τὰ
950 810 1012 864 δὲ
1035 808 1370 878 Κασάνδρας

397 894 581 968 λέκτρ’
611 894 714 952 οὐκ
742 894 951 966 ἐφάτην
975 900 1070 965 τῆς
1089 892 1355 965 Ἀχιλείας

401 983 655 1055 πρόσθεν
678 980 880 1052 θήσειν
905 980 1036 1035 ποτὲ
1060 980 1275 1051 λόγχης.

397 1069 641 1125 σπουδαὶ
667 1067 729 1122 δὲ
752 1066 935 1137 λόγων
958 1066 1438 1136 κατατεινομένων

401 1146 543 1225 ἦσαν
574 1162 690 1209 ἴσαι
715 1173 857 1221 πως,
886 1152 1020 1220 πρὶν
1046 1148 1074 1206 ὁ
1101 1149 1489 1222 ποικιλόφρων

399 1239 558 1303 κόπις
582 1235 858 1309 ἡδυλόγος
883 1234 1284 1307 δημοχαριστὴς

398 1323 744 1394 Λαερτιάδης
769 1327 956 1377 πείθει
982 1320 1246 1393 στρατιὰν

402 1407 474 1482 μὴ
500 1408 598 1464 τὸν
629 1405 856 1479 ἄριστον
882 1412 1130 1462 Δαναῶν
1157 1406 1382 1462 πάντων

403 1495 624 1551 δούλων
647 1498 906 1564 σφαγίων
944 1491 1111 1548 εἵνεκ’
1150 1488 1422 1562 ἀπωθεῖν,

404 1582 548 1653 μηδέ
569 1577 678 1635 τιν’
709 1584 887 1634 εἰπεῖν
913 1575 1062 1647 παρὰ
1085 1575 1422 1650 Περσεφόνῃ

403 1666 608 1722 στάντα
634 1665 932 1736 φθιμένων

407 1749 479 1816 ῶς
504 1747 789 1823 ἀχάριστοι
813 1750 1030 1803 Δαναοὶ
1052 1755 1301 1812 Δαναοῖς

404 1849 516 1901 τοῖς
542 1837 848 1907 οἰχομένοις
873 1831 1015 1903 ὑπὲρ
1033 1830 1312 1903 Ἑλλήνων

412 1927 610 1993 Τροίας
635 1925 847 1976 πεδίων
874 1916 1176 1990 ἀπέβησαν.

404 2005 519 2079 ἥξει
545 2005 597 2062 δ’
620 2003 887 2069 Ὀδυσεὺς
912 2001 1045 2059 ὅσον
1071 2000 1175 2058 οὐκ
1197 1999 1322 2073 ἤδη,

405 2099 595 2149 πῶλον
620 2087 874 2163 ἆφέλξων
899 2095 1015 2144 σῶν
1039 2085 1145 2144 ἀπὸ
1172 2093 1396 2158 μαστῶν

405 2185 465 2234 ἔκ
490 2201 549 2233 τε
571 2181 797 2249 γεραιᾶς
819 2172 977 2246 χερὸς
1003 2170 1278 2245 ὁρμήσων.

404 2261 526 2319 ἄλλ’
557 2271 644 2319 ἴθι
667 2260 867 2330 ναούς,
895 2267 982 2315 ἴθι
1007 2258 1143 2330 πρὸς
1171 2257 1411 2330 βωμούς,

405 2348 470 2417 ἵζ’
496 2346 901 2420 Ἀγαμέμνονος
929 2345 1094 2409 ἱκέτις
1118 2343 1390 2416 γονάτων,

405 2435 650 2506 κήρυσσε
677 2430 850 2496 θεοὺς
876 2429 1006 2494 τούς
1029 2426 1078 2484 τ’
1109 2427 1414 2502 οὐρανίδαις

407 2520 534 2584 τούς
562 2516 624 2574 θ’
657 2515 766 2574 ὑπὸ
795 2529 976 2588 γαῖαν.

409 2601 443 2675 ⁷⁵2¹
470 2604 574 2676 γάρ
602 2621 663 2659 σε
687 2604 832 2659 λιταὶ
857 2598 1267 2657 διακωλύσουσ’

409 2688 665 2761 ὀρφανὸν
692 2687 834 2743 εἶναι
859 2684 1056 2750 παιδὸς
1079 2687 1291 2756 μελέας,

409 2771 442 2846 ἢ
467 2779 558 2830 δεῖ
580 2771 632 2828 6'
663 2777 876 2828 ἐπιδεῖν
900 2770 1114 2842 τύμβου
1140 2773 1385 2842 προπετῆ

405 2860 839 2930 φοινισσομένην
865 2862 1050 2927 αἵματι
1076 2856 1362 2924 παρθένον

1802 226 1881 268 120

1805 649 1883 692 125

1806 1075 1886 1119 130

1809 1504 1884 1546 135

1804 1929 1886 1973 340

1803 2356 1885 2398 145

1804 2779 1885 2822 150
