2022 3126
208 98 276 146 80

212 415 322 463 XO.

203 669 331 717 ΠΗ.

204 754 321 802 XO.

204 839 331 887 ΠΗ.

203 925 320 973 ΧΟ.

204 1008 333 1058 ΠΗ.

203 1095 319 1143 XO.

207 1178 331 1228 ΠΗ.

204 1265 320 1312 XO.

204 1349 330 1398 ΠΗ.

204 1435 320 1483 ΧΟ.

203 1519 329 1568 ΠΗ.

203 1859 307 1909 ΑΓ
303 1858 364 1907 Γ.

203 2114 330 2162 ΠΗ.

203 2198 361 2248 ΑΓΓ.

206 2454 319 2502 ΧΟ.

203 2707 361 2757 ΑΓΓ.

202 2877 326 2926 ΠΗ.

796 96 1251 145 ΑΝΔΡΟΜΑΧΗ

401 243 451 293 εί
477 234 627 294 ταῦτ’
657 234 866 308 ἀληθῆ
895 243 1006 292 τῶν
1029 235 1134 310 γὰρ
1161 237 1415 309 ἐκδήμων
1440 243 1624 309 φίλων

398 327 488 378 δεῖ
508 321 639 387 τοὺς
662 344 763 377 κατ
813 320 968 377 οἶκον
998 345 1159 388 οντας
1184 326 1440 379 ἐκπονεῖν
1467 322 1650 393 τύχας.

393 412 613 478 Πηλεῦ,
645 412 837 477 σαφῶς
861 403 1129 478 ήκουσας·
1157 404 1282 462 οὐδ’
1313 409 1432 479 ἐμοὶ
1454 405 1627 463 καλὸν

398 492 666 561 κρύπτειν
691 495 750 548 ἐν
776 487 968 563 οἷσπερ
996 484 1136 546 οὖσα
1161 492 1416 593 τυγχάνω
1441 505 1654 558 κακοῖς·

396 583 650 649 βασίλεια
676 573 782 648 γὰρ
807 573 977 631 τῶνδ’
1011 585 1215 646 οἴχεται
1243 576 1427 649 φυγὰς
1453 577 1657 649 δόμων.
1766 592 1871 633 1055

395 668 545 726 τίνος
575 660 758 732 φόβου
785 667 1058 731 τυχοῦσα;
1087 663 1412 730 διαπέραινέ
1433 684 1541 731 μοι.

395 747 560 803 πόσιν
585 747 889 817 τρέμουσα,
917 744 989 817 μὴ
1017 745 1206 816 δόμων
1229 770 1322 802 νιν
1347 747 1567 819 ἐκβάλῃ.

395 838 515 904 μῶν
539 828 832 886 ἀντίποινα
855 837 1185 902 θανασίμων
1209 831 1637 902 βουλευμάτων;

391 923 510 987 ναί,
537 918 630 971 καὶ
653 915 917 987 γυναικὸς
942 912 1339 987 αι’χμαλωτίδος
1365 916 1542 991 φόβῳ.

392 1000 500 1057 σὺν
525 1004 691 1073 πατρὶ
718 997 772 1056 δ’
804 1009 991 1066 οἴκους
1016 997 1050 1072 ἦ
1074 1008 1223 1066 τίνος
1247 1007 1426 1057 λείπει
1449 1003 1611 1072 μέτα;
1759 1016 1871 1058 1060

386 1084 791 1159 Ἀγαμέμνονός
814 1109 906 1141 νιν
931 1099 1057 1152 παῖς
1084 1084 1277 1158 βέβηκ’
1306 1084 1458 1157 ἄγων
1481 1086 1700 1157 χθονός.

394 1178 562 1228 ποίαν
586 1178 892 1238 προτείνων
915 1171 1111 1238 ἐλπίδ’;
1138 1167 1173 1242 ἢ
1200 1178 1369 1243 γῆμαι
1392 1173 1610 1237 θέλων;

394 1258 486 1312 καὶ
515 1262 618 1312 σοῦ
648 1279 709 1327 γε
737 1255 933 1322 παιδὸς
961 1258 1119 1312 παιδὶ
1143 1257 1441 1329 πορσύνων
1465 1256 1657 1327 μόρον.

394 1341 639 1413 κρυπτὸς
663 1339 932 1405 καταστὰς
956 1337 992 1412 ἦ
1014 1339 1135 1397 κατ’
1167 1338 1295 1412 ὄμμ’
1329 1340 1515 1396 ε’λθῶν
1538 1341 1711 1413 μάχῃς

401 1424 589 1496 ἁγνοῖς
615 1429 675 1481 ἐν
702 1430 870 1495 ἱεροῖς
893 1429 1098 1492 Λοξίου
1122 1432 1368 1496 Δελφῶν
1393 1428 1542 1497 μέτα.
1763 1440 1871 1484 1065

392 1511 566 1583 οἶμοι·
595 1508 714 1567 τόδ’
742 1508 847 1583 ἤδη
875 1511 1079 1567 δεινόν.
1120 1508 1221 1582 οὐχ
1246 1508 1380 1566 ὅσον
1404 1510 1564 1581 τάχος

395 1596 705 1669 χωρήσεταί
724 1621 802 1661 τις
825 1595 1092 1668 Πυθικὴν
1117 1595 1254 1668 πρὸς
1280 1598 1467 1652 ἑστίαν

396 1684 488 1737 καὶ
511 1679 748 1737 τάνθάδ’
782 1679 914 1738 ὄντα
942 1696 1053 1747 τοῖς
1078 1685 1195 1738 ἐκεῖ
1215 1683 1355 1748 λέξει
1380 1687 1566 1752 φίλοις

396 1770 530 1838 πρὶν
556 1765 710 1823 παῖδ’
740 1764 1023 1838 Ἀχιλλέως
1049 1776 1354 1823 κατθανεῖν
1379 1769 1600 1838 ἐχθρῶν
1624 1762 1764 1832 ὕπο;

397 1849 534 1923 ῶμοι
559 1871 679 1924 μοι·
1760 1864 1870 1908 1070

396 1942 511 2002 οιάς
543 1935 570 1993 6
595 1937 816 2008 τλήμων
841 1935 1092 2008 ἀγγελῶν
1117 1934 1233 2007 ἥκω
1258 1936 1423 2007 τύχας

396 2028 488 2078 σοί
507 2020 577 2093 τ’,
607 2024 648 2077 ῶ
674 2024 887 2094 γεραιέ,
916 2024 1007 2077 καὶ
1034 2028 1245 2092 φίλοισι
1270 2021 1557 2077 δεσπότου.

397 2113 537 2163 αἰαῖ·
568 2107 872 2180 πρόμαντις
898 2106 1080 2178 θυμὸς
1107 2103 1179 2172 ῶς
1202 2129 1253 2161 τι
1279 2111 1580 2180 προσδοκᾷ.

392 2189 494 2247 οὐκ
523 2198 636 2248 ἔστι
661 2210 749 2248 σοι
773 2205 899 2257 παῖς
923 2192 1143 2262 παιδός,
1174 2188 1246 2257 ῶς
1271 2192 1483 2264 μάθῃς,
1508 2193 1672 2263 γέρον

393 2284 546 2348 Πηλε
551 2283 612 2332 ῦ·
638 2277 860 2332 τοιάσδε
886 2277 1188 2348 φασγάνων
1215 2276 1425 2348 πληγας
1451 2282 1560 2347 ἔχει

393 2368 639 2434 Δελφῶν
666 2359 765 2418 ὑπ’
795 2360 1019 2462 ἀνδρῶν
1043 2363 1136 2417 καὶ
1157 2368 1502 2434 Μυκηναίου
1527 2363 1703 2426 ξένου.
1763 2374 1868 2417 1075

391 2449 424 2501 ἀ
449 2449 554 2517 ἀ,
536 2453 593 2502 τί
613 2446 862 2520 δράσεις,
891 2448 931 2502 ῶ
957 2449 1171 2518 γεραιέ;
1199 2445 1270 2518 μὴ
1297 2448 1490 2519 πέσῃς·

397 2538 586 2602 ἔπαιρε
611 2532 835 2589 σαυτόν.
859 2538 988 2589 ΠΗ.
1016 2530 1182 2588 οὐδέν
1213 2529 1319 2603 εἰμ
1339 2529 1695 2602 ’ἀπωλόμην.

394 2617 618 2718 φρούδη
643 2618 745 2689 μὲν
770 2615 942 2689 αὐδή,
969 2622 1191 2690 φροῦδα
1218 2614 1270 2672 δ’
1301 2614 1488 2688 ἄρθρα
1515 2638 1624 2686 μου
1651 2615 1813 2671 κάτω.

391 2699 660 2773 άκουσον,
690 2708 740 2758 ει’
762 2705 853 2758 και
879 2715 994 2768 σοῖς
1020 2708 1202 2774 φίλοις
1228 2700 1545 2773 ἀμυναθεῖν

389 2787 616 2859 χρῄζεις,
641 2786 702 2843 τὸ
729 2790 998 2859 πραχθέν,
1023 2786 1125 2843 σόν
1150 2785 1512 2858 κατορθώσας
1539 2786 1721 2857 δέμας.
1757 2795 1866 2839 1080

391 2873 432 2926 ῶ
459 2886 645 2943 μοῖρα,
673 2872 854 2944 γήρως
880 2872 1160 2944 ἐσχάτοις
1145 2870 1281 2944 πρὸς
1306 2874 1568 2943 τέρμασιν
