2022 3126
205 100 308 153 270

206 420 327 470 HA.

211 505 316 554 ΟΡ.

207 589 327 638 HA.

212 675 318 723 ΟΡ.

208 759 329 808 HA.

213 843 317 893 ΟΡ.

212 1013 331 1062 HA.

871 103 1194 148 HAEKTPA

395 239 590 314 πήξασ’
621 248 838 314 ἔρεισον
862 243 1119 298 σκόλοπι”
1157 241 1249 307 σὸς
1272 243 1377 315 γοὲρ
1404 245 1517 299 ἐστι
1540 249 1650 299 νῦν

399 333 629 397 δοῦλος,
656 327 895 399 πάροιθε
919 328 1190 398 δεσπότης
1212 331 1563 400 κεκλημένος.

399 413 726 484 αἰσχύνομαι
752 414 880 482 μέν,
905 413 1177 484 βούλομαι
1201 410 1258 468 δ’
1290 419 1467 469 εἰπεῖν
1492 410 1655 484 ὅμως.
1787 429 1871 471 900

393 505 451 554 τί
469 504 679 569 χρῆμα;
717 499 900 568 λέξον,
931 494 1003 562 ῶς
1030 497 1212 569 φόβου
1237 495 1290 569 γ’
1321 501 1532 564 ἔξωθεν
1557 497 1620 554 εἶ.

397 581 632 655 νεκροὺς
654 579 932 653 ὑβρίζειν,
960 583 1033 653 μή
1059 585 1130 654 μέ
1151 606 1231 647 τις
1260 582 1413 658 ψόγῳ
1444 583 1603 657 βάλῃ.

397 665 502 723 οὐκ
528 674 678 723 ἔστιν
704 663 891 732 οὐδεὶς
917 665 1065 732 ὅστις
1089 664 1158 724 ἂν
1188 667 1461 739 μέμψαιτό
1487 687 1565 723 σε.

399 752 733 824 δυσάρεστος
759 749 915 823 ἡμῶν
939 755 1032 807 καὶ
1058 752 1363 824 φιλόψογος
1388 752 1562 818 πόλις.

394 835 513 909 λέγ’
544 847 667 893 εἴτι
690 837 932 909 χρῄζεις,
960 835 1224 909 σύγγον’
1254 837 1581 893 ἀσπόνδοισι
1605 837 1710 910 γὰρ
1789 853 1872 895 905

396 922 651 1015 νόμοισιν
676 929 885 993 ἔχθραν
908 927 1050 996 τῶδε
1079 923 1557 995 συμβεβλήκαμεν.

399 1006 537 1063 εἷεν·
566 1004 673 1063 τίν’
705 1005 880 1078 ἀρχὴν
909 1008 1100 1079 πρῶτά
1123 1006 1173 1063 6'
1205 1011 1399 1075 εξείπω
1425 1014 1644 1078 κακῶν,

397 1099 556 1158 ποίας
579 1093 863 1157 τελευτάς·
851 1137 864 1159 ,
893 1099 1017 1148 τίνα
1040 1096 1210 1164 μέσον
1234 1095 1374 1160 τάξω
1404 1094 1599 1164 λόγον;

398 1180 491 1233 καὶ
515 1176 625 1249 μὴν
650 1175 724 1232 δι’
758 1176 987 1248 ὄρθρων
1015 1177 1072 1249 γ’
1102 1175 1297 1234 οὔποτ’
1328 1182 1693 1249 ἐξελίμπανον

397 1260 674 1333 θρυλοῦσ’
706 1259 739 1316 ἅ
766 1261 820 1333 γ’
854 1268 1029 1318 εἰπεῖν
1053 1261 1263 1334 η’θελον
1288 1262 1407 1319 κατ’
1438 1263 1586 1335 όμμα
1610 1263 1728 1333 σόν,
1790 1277 1873 1320 910

400 1353 450 1402 εί
474 1347 541 1418 δὴ
567 1370 832 1418 γενοιμην
858 1349 1134 1419 δειμάτων
1160 1352 1216 1404 ἐκ
1223 1351 1431 1420 ευθέρα

401 1439 511 1488 τῶν
535 1432 776 1505 πρόσθε·
804 1439 914 1488 νῦν
939 1435 1044 1488 οὐν
1069 1437 1260 1505 ἐσμεν·
1287 1431 1557 1490 ἀποδώσω
1584 1436 1649 1490 δέ
1670 1452 1756 1490 σοι

398 1515 564 1573 ἐκεῖν’
594 1515 629 1573 ἅ
653 1536 714 1573 σε
738 1516 896 1585 ζῶντ’
925 1516 1134 1590 ἤθελον
1159 1522 1308 1586 λέξαι
1331 1543 1488 1575 κακα.

399 1601 687 1668 ἀπώλεσάς
712 1626 779 1675 με
803 1601 1110 1676 κώρφανὴν
1136 1611 1307 1677 φίλου
1332 1603 1536 1677 πατρὸς

398 1691 491 1744 καὶ
515 1687 668 1744 τόνδ’
698 1695 932 1760 ἔθηκας,
959 1687 1127 1745 οὐδὲν
1154 1688 1502 1762 ἠδικημένος,
1792 1705 1872 1746 915

397 1771 645 1845 κᾶγημας
670 1780 906 1846 αἰσχρῶς
931 1773 1123 1846 μητέρ’
1153 1774 1331 1844 ἄνδρα
1355 1773 1403 1830 τ’
1437 1782 1659 1839 ἔκτανες

396 1857 873 1931 στρατηλατοῦνθ’
911 1856 1200 1932 ”Ἐλλησιν,
1226 1859 1329 1916 οὐκ
1357 1859 1542 1916 ε’λθῶν
1573 1859 1814 1931 Φρύγας.

401 1949 476 2008 είς
500 1951 664 2000 τοῦτο
689 1950 722 2000 δ
731 1943 742 1961 ’
775 1938 946 2016 ἦλθες
971 1943 1213 2016 ἀμαθίας
1238 1944 1368 2001 ὥστ’
1400 1943 1633 2016 ἤλπισας

400 2026 472 2094 ῶς
497 2035 574 2094 είς
596 2027 647 2084 σ’
677 2028 814 2101 ἐμὴν
838 2028 905 2101 δὴ
929 2028 1119 2101 μητέρ’
1147 2029 1248 2101 οὐχ
1273 2034 1410 2097 ἕξεις
1434 2029 1609 2101 κακὴν

397 2113 600 2185 γήμας,
627 2118 760 2185 ἐμοῦ
786 2115 848 2170 δὲ
873 2114 1077 2187 πατρὸς
1101 2114 1312 2186 ἠδίκεις
1337 2118 1482 2186 λέχη.
1788 2127 1871 2172 920

400 2208 530 2255 ἴστω
557 2197 630 2270 δ’,
658 2197 791 2255 ὅταν
815 2224 894 2264 τις
920 2199 1171 2264 διολέσας
1204 2200 1452 2272 δάμαρτά
1482 2222 1580 2255 του

398 2298 731 2354 κρυπταῖσιν
757 2283 946 2350 εὐναῖς
975 2282 1072 2341 εἶτ’
1104 2283 1433 2358 ἀναγκασθῇ
1457 2292 1666 2356 λαβεῖν,

398 2369 667 2441 δύστηνός
692 2373 857 2441 ἐστιν,
879 2376 930 2426 εἰ
952 2375 1110 2426 δοκεῖ
1128 2370 1187 2426 τὸ
1213 2384 1531 2442 σωφρονεῖν

398 2457 514 2509 ἐκεῖ
533 2456 634 2525 μὲν
659 2453 836 2526 αὐτὴν
862 2454 965 2511 οὐκ
991 2462 1159 2526 ἔχειν,
1187 2454 1318 2527 παρ’
1350 2453 1406 2511 οἷ
1425 2453 1478 2511 δ’
1508 2462 1668 2526 ἔχειν.

398 2536 625 2610 ἄλγιστα
650 2538 703 2596 δ’
733 2538 919 2616 ᾤκεις,
947 2538 1013 2596 οὐ
1040 2546 1222 2596 δοκῶν
1246 2547 1420 2597 οἰκεῖν
1443 2548 1650 2605 κακῶς·
1783 2554 1866 2597 925

397 2624 620 2699 ᾔδησθα
663 2625 768 2697 γὰρ
796 2624 916 2697 δῆτ’
948 2623 1176 2681 ἀνόσιον
1201 2625 1373 2697 γήμας
1399 2627 1592 2698 γάμον,

397 2709 571 2780 μήτηρ
597 2710 658 2765 δὲ
683 2708 734 2765 σ’
767 2709 947 2781 ἄνδρα
972 2716 1215 2782 δυσσεβῆ
1241 2714 1562 2782 κεκτημένη.

399 2791 564 2865 ἄμφω
591 2795 816 2867 πονηρῶ
844 2794 896 2851 δ’
925 2794 1044 2852 ὅντ’
1074 2794 1447 2866 ἆφαιρεῖσθον
1471 2796 1660 2867 τύχην,

396 2885 551 2948 πείνη
576 2902 633 2935 τε
657 2879 758 2951 τὴν
782 2880 887 2951 σὴν
913 2883 1004 2936 καὶ
1028 2880 1098 2936 σὺ
1125 2879 1411 2950 τούκείνης
1435 2880 1625 2936 κακόν.
