2022 3126
253 89 354 140 342
662 89 1003 136 ΗΡΑΚΛΗΣ
1032 89 1539 137 ΜΑΙΝΟΜΕΝΟΣ

443 236 607 302 φίλας
634 226 864 300 ἀμοιβὰς
891 225 1128 299 ὄμμασιν
1153 229 1502 299 δεδορκότες;

443 313 549 386 εγῶ
580 317 668 384 δέ,
692 319 801 369 νῦν
826 311 928 384 γὰρ
954 319 1047 384 τῆς
1074 316 1202 384 ἐμῆς
1227 318 1391 384 ἔργον
1414 313 1588 383 χερός,
1829 329 1913 373 565

445 405 667 470 πρῶτον
688 399 789 470 μὲν
816 397 924 469 εἶμι
947 399 1040 453 καὶ
1063 398 1395 464 κατασκάψω
1421 398 1626 468 δόμους

443 490 653 540 καινῶν
677 483 998 554 τυράννων,
1031 488 1205 553 κρᾶτα
1229 486 1262 537 δ
1269 479 1281 500 ’
1311 480 1539 538 ἀνόσιον
1565 475 1743 553 τεμῶν

445 573 588 641 ῥίψω
615 575 805 624 κυνῶν
829 571 1060 639 ἕλκημα·
1087 572 1387 638 Καδμείων
1412 572 1446 623 δ
1453 565 1464 584 ’
1498 564 1663 632 ὅσους

442 651 645 718 κακοὺς
665 655 910 724 ἐφηῦρον
939 645 1004 709 εὖ
1026 652 1310 717 παθόντας
1337 654 1389 718 ἐξ
1414 655 1565 723 ἐμοῦ,

441 745 515 815 τῷ
541 745 841 813 καλλινίκῳ
864 735 997 812 τῷδ’
1026 735 1178 812 ὅπλῳ
1201 737 1560 810 χειρώσομαι·
1831 749 1914 794 570

442 823 571 889 τοὺς
596 825 658 880 δὲ
682 836 978 894 πτερωτοῖς
1003 828 1294 893 διαφορῶν
1317 823 1608 894 τοξεύμασι

441 915 659 980 νεκρῶν
681 905 868 965 ἅπαντ’
892 905 1141 980 Ἰσμηνὸν
1167 907 1423 979 ἐμπλήσω
1448 907 1646 979 φόνου,

442 1000 655 1066 Δίρκης
681 1017 738 1049 τε
761 999 907 1064 νᾶμα
931 996 1136 1050 λευκὸν
1160 992 1575 1064 αἱμαχθήσεται.

443 1085 516 1154 τῷ
542 1080 645 1151 γάρ
671 1076 717 1150 μ’
751 1076 983 1150 ἀμύνειν
1010 1085 1218 1150 μᾶλλον
1243 1074 1276 1149 ἦ
1305 1078 1540 1149 δάμαρτι
1561 1075 1663 1149 χρὴ

443 1166 536 1220 καὶ
560 1165 716 1219 παισὶ
739 1165 832 1219 καὶ
855 1166 1105 1235 γέροντι;
1137 1163 1445 1234 χαιρόντων
1469 1163 1655 1218 πόνοι·
1831 1176 1913 1221 575

442 1249 618 1320 μάτην
641 1246 746 1320 γὰρ
773 1244 977 1313 αὐτοὺς
1000 1252 1177 1304 τῶνδε
1200 1254 1409 1319 μᾶλλον
1438 1245 1636 1320 ἤνυσα.

441 1336 534 1390 καὶ
559 1339 648 1390 δεῖ
666 1331 712 1405 μ’
743 1331 883 1405 ὑπὲρ
908 1332 1097 1403 τῶνδ’,
1128 1341 1280 1405 εἴπερ
1308 1330 1415 1388 οἵδ’
1444 1330 1584 1405 ὑπὲρ
1609 1332 1828 1405 πατρός,

442 1419 713 1490 θνήσκειν
738 1416 995 1490 ἀμύνοντ’
1017 1438 1027 1447 ·
1066 1414 1101 1489 ἦ
1124 1424 1183 1473 τί
1205 1417 1454 1489 φήσομεν
1476 1416 1648 1473 καλὸν

443 1502 589 1578 ὕδρα
613 1504 714 1575 μὲν
740 1506 928 1560 ἐλθεῖν
958 1509 1033 1570 εἰς
1060 1504 1238 1576 μάχην
1263 1505 1450 1559 λέοντί
1469 1526 1526 1558 τε

442 1587 789 1661 Εὐρυσθέως
815 1602 1083 1660 πομπαῖσι
1100 1632 1114 1659 ,
1145 1595 1256 1644 τῶν
1282 1585 1332 1644 δ’
1363 1591 1511 1660 ἐμῶν
1535 1589 1747 1643 τέκνων
1829 1599 1914 1644 580

446 1673 550 1730 οὐκ
576 1673 861 1745 ἐκπονήσω
887 1675 1163 1741 θάνατον;
1192 1671 1294 1729 οὐκ
1321 1671 1400 1745 ἄρ’
1422 1671 1692 1744 “Ηρακλῆς

445 1758 472 1815 ὁ
500 1765 812 1825 καλλίνικος
838 1756 911 1826 ῶς
935 1759 1175 1831 πάροιθε
1198 1761 1435 1830 λέξομαι.

258 1851 371 1901 ΧΟ.
439 1850 624 1901 δίκαια
649 1843 777 1909 τοὺς
800 1841 1058 1910 τεκόντας
1086 1842 1326 1917 ῶφελεῖν
1347 1846 1510 1900 τέκνα

444 1932 650 2002 πατέρα
674 1953 732 1985 τε
759 1932 1007 2001 πρέσβυν
1030 1930 1130 2001 τήν
1154 1953 1212 1985 τε
1236 1927 1512 1984 κοινωνὸν
1535 1927 1742 1999 γάμων.

256 2021 386 2070 ΑΜ.
437 2013 572 2086 πρὸς
597 2021 697 2070 σοῦ
722 2016 850 2085 μέν,
884 2007 926 2069 ῶ
949 2027 1073 2084 παῖ,
1103 2028 1215 2080 τοῖς
1239 2020 1421 2085 φίλοις
1448 2012 1589 2069 εἶναι
1614 2018 1781 2085 φίλον
1831 2026 1914 2070 585

443 2100 509 2155 τά
531 2097 569 2155 τ’
599 2098 772 2171 ἐχθρὰ
797 2112 1003 2169 μισεῖν·
1042 2097 1180 2154 ἀλλὰ
1204 2098 1276 2170 μὴ
1304 2102 1527 2169 ἐπείγου
1552 2104 1695 2153 λίαν.

257 2191 368 2240 ΗΡ.
437 2191 494 2240 τί
512 2182 563 2240 δ’
593 2186 706 2240 ἐστὶ
730 2189 905 2240 τῶνδε
929 2190 1143 2240 θᾶσσον
1168 2180 1202 2255 ἢ
1226 2184 1433 2256 χρεῶν,
1465 2183 1664 2255 πάτερ;

257 2277 387 2325 AM.
442 2268 679 2334 πολλοὺς
703 2271 954 2340 πένητας,
981 2267 1206 2340 ὀλβίους
1231 2269 1291 2325 δὲ
1315 2274 1389 2345 τῷ
1415 2268 1561 2343 λόγῳ

443 2359 745 2419 δοκοῦντας
771 2353 911 2409 εἶναι
934 2355 1251 2426 συμμάχους
1275 2351 1408 2420 ἅναξ
1437 2360 1564 2425 ἔχει,

447 2447 503 2497 οἳ
521 2440 710 2496 στάσιν
735 2446 947 2511 ἔθηκαν
970 2441 1063 2495 καὶ
1088 2439 1360 2497 διῶλεσαν
1389 2439 1551 2494 πόλιν
1830 2449 1913 2493 590

445 2522 526 2595 ἐφ’
556 2522 854 2596 ἁρπαγαῖσι
879 2530 991 2579 τῶν
1016 2526 1212 2596 πέλας,
1236 2524 1302 2580 τὰ
1328 2529 1361 2579 δ
1368 2522 1380 2542 ’
1411 2527 1470 2579 ἐν
1497 2523 1687 2594 δόμοις

449 2610 748 2666 δαπάναισι
773 2613 997 2681 φροῦδα
1021 2606 1364 2681 διαφυγόνθ’
1394 2606 1482 2664 ὑπ’
1511 2606 1720 2679 ἀργίας.

451 2691 649 2767 ῶφθης
674 2693 929 2751 ἐσελθών
955 2691 1141 2750 πόλιν·
1191 2696 1310 2750 ἐπεὶ
1334 2691 1385 2749 δ’
1418 2691 1644 2765 ὤφθης,
1670 2688 1771 2764 ὅρα

449 2779 684 2851 ἐχθροὺς
708 2778 976 2851 ἀθροίσας
999 2778 1070 2851 μὴ
1095 2778 1244 2851 παρὰ
1266 2778 1493 2850 γνώμην
1518 2780 1701 2851 πέσῃς.

264 2869 371 2920 ΗΡ.
444 2867 593 2936 μέλει
617 2865 718 2937 μὲν
743 2861 909 2920 οὐδὲν
937 2872 991 2920 εἴ
1007 2887 1074 2936 με
1101 2861 1232 2921 πᾶσ’
1261 2863 1409 2920 εἶδεν
1433 2863 1615 2928 πόλις·
1828 2873 1913 2918 595
