2022 3126
220 90 319 140 456

218 2179 335 2227 ΘΗ.

221 2265 267 2311 Α
272 2264 327 2312 Ρ.

863 92 1279 140 ΙΠΠΟΛΤΤΟΣ

408 236 522 295 πῶς
545 227 646 301 οὐχ
669 228 777 286 ὑπὸ
802 236 901 301 γῆς
924 229 1164 305 τάρταρα
1187 230 1449 303 κρύπτεις
1765 250 1872 295 1290

408 316 573 386 δέμας
596 320 936 386 αἰσχυνθείς,

406 395 441 470 ἦ
465 398 667 470 πτηνὸς
693 396 807 455 ἅνω
835 397 1072 471 μεταβὰς
1096 405 1285 470 βίοτον

405 483 648 554 πήματος
671 486 772 550 ἔξω
798 484 942 540 πόδα
964 481 1122 539 τοῦδ’
1152 480 1395 555 ἆπέχεις;

406 564 477 632 ῶς
503 573 563 623 ἔν
592 565 644 640 γ’
674 566 908 639 ἀγαθοῖς
933 566 1203 639 ἀνδράσιν
1228 567 1296 625 οὗ
1320 589 1407 625 σοι

404 651 604 723 τλητὸν
628 653 819 724 βιότου
846 656 1008 725 μέρος
1033 656 1198 709 ἐστίν.
1760 670 1870 716 1295

406 733 599 807 ἄκουε,
628 743 840 809 Θησεῦ,
869 743 984 794 σῶν
1008 744 1196 793 κακῶν
1221 739 1576 796 κατάστασιν·

405 827 582 877 καίτοι
607 822 871 893 προκόψω
895 820 949 894 γ’
977 820 1172 893 οὐδέν,
1201 821 1424 895 ἀλγυνῶ
1451 825 1512 880 δὲ
1535 827 1610 881 σε’.

405 902 526 960 ἀλλ’
556 912 633 971 εἰς
655 904 771 963 τόδ’
799 900 1005 978 ἦλθον,
1035 906 1230 972 παιδὸς
1255 911 1490 975 ἐκδεῖξαι
1515 912 1690 982 φρένα

403 997 503 1046 τοῦ
529 997 631 1047 σοῦ
660 996 907 1062 δικαίαν,
939 989 1011 1056 ῶς
1033 989 1131 1048 ὑπ’
1162 990 1415 1058 εὐκλείας
1439 994 1605 1067 θάνῃ,

404 1077 496 1130 καὶ
518 1081 615 1146 σῆς
638 1076 901 1146 γυναικὸς
926 1076 1147 1148 οἶστρον
1170 1072 1206 1148 ἦ
1229 1078 1433 1149 τρόπον
1456 1079 1581 1135 τινὰ
1762 1094 1872 1139 1300

404 1160 785 1231 γενναιότητα·
812 1167 905 1232 τῆς
931 1160 1034 1233 γὰρ
1061 1164 1314 1232 ἐχθίστης
1338 1169 1492 1218 θεῶν

402 1242 558 1315 ἡμῖν,
587 1242 767 1300 ὅσαισι
791 1247 1123 1317 παρθένειος
1145 1243 1335 1317 ἡδονή,

405 1333 670 1400 δηχθεῖσα
693 1331 940 1402 κέντροις
964 1328 1158 1395 παιδὸς
1182 1328 1399 1402 ἠράσθη
1424 1333 1609 1387 σέθεν.

405 1414 596 1486 γνώμῃ
622 1414 683 1469 δὲ
706 1420 869 1470 νικᾶν
891 1414 993 1486 τὴν
1017 1415 1243 1485 Κύπριν
1266 1419 1578 1489 πειρωμένη

405 1505 617 1569 τροφοῦ
644 1497 859 1555 διώλετ’
890 1498 991 1571 οὐχ
1019 1502 1220 1555 ἑκοῦσα
1243 1514 1525 1572 μηχαναῖς,
1762 1517 1868 1561 1305

403 1579 439 1653 ἢ
462 1589 539 1657 σῷ
564 1580 638 1638 δι’
666 1580 849 1655 ὅρκων
874 1587 1029 1640 παιδὶ
1051 1590 1305 1656 σημαίνει
1326 1585 1510 1641 νόσον.

403 1663 435 1724 ὃ
467 1665 520 1722 δ’
547 1665 728 1739 ῶσπερ
755 1665 833 1724 ῶν
862 1674 1072 1734 δίκαιος
1096 1667 1199 1724 οὐκ
1225 1672 1490 1740 ἐφέσπετο

406 1751 679 1823 λόγοισιν,
707 1751 830 1809 οὐδ’
860 1747 934 1809 αὖ
959 1752 1094 1826 πρὸς
1120 1756 1288 1810 σέθεν
1311 1755 1650 1826 κακούμενος

405 1833 589 1907 ὅρκων
615 1835 808 1908 ἀφεῖλε
835 1846 1051 1909 πίστιν,
1086 1836 1317 1910 εὐσεβὴς
1340 1839 1531 1911 γεγώς.

400 1916 432 1989 ἣ
464 1919 514 1976 δ’
546 1927 622 1986 είς
646 1928 868 1994 ἔλεγχον
890 1922 963 1994 μὴ
989 1926 1125 1997 πέσῃ
1151 1927 1471 1995 φοβουμένη
1761 1941 1870 1985 1310

404 2011 629 2071 ψευδεῖς
653 2006 870 2078 γραφὰς
897 2014 1103 2079 ἔγραψε
1125 2009 1219 2063 καὶ
1241 2008 1468 2064 διώλεσε

406 2089 616 2146 δόλοισι
640 2090 740 2147 σὸν
768 2089 942 2162 παῖδ’,
969 2089 1090 2148 ἀλλ’
1120 2089 1264 2163 ὅμως
1289 2094 1475 2148 ἔπεισέ
1494 2111 1570 2148 σε.

396 2182 557 2245 οἴμοι.

401 2259 592 2315 δάκνει
616 2278 704 2329 σε,
733 2267 943 2331 Θησεῦ,
969 2267 1177 2332 μῦθος;
1205 2259 1325 2317 ἀλλ’
1355 2259 1429 2333 ἔχ’
1458 2259 1675 2333 ἥσυχος,

404 2341 701 2400 τούνθένδ’
733 2342 971 2410 ἀκούσας
1000 2342 1072 2410 ῶς
1094 2341 1163 2400 ἄν
1187 2346 1418 2418 οἰμῶξῃς
1441 2349 1623 2402 πλέον.

405 2419 493 2498 ἆρ’
529 2427 693 2484 οἶσθα
719 2429 922 2501 πατρὸς
946 2443 1090 2503 τρεῖς
1115 2427 1249 2530 ἀρὰς
1275 2444 1467 2502 σαφεῖς
1493 2436 1659 2501 ἔχων;
1761 2446 1868 2489 13Ιὲ

406 2504 485 2567 ῶν
513 2511 612 2583 τὴν
637 2519 770 2584 μίαν
793 2522 1072 2615 παρεῖλες,
1106 2516 1146 2568 ῶ
1173 2516 1395 2570 κάκιστε
1418 2516 1506 2585 σύ,

410 2601 485 2661 εἰς
510 2602 680 2653 παῖδα
702 2596 799 2653 τὸν
823 2598 950 2669 σόν,
977 2598 1099 2665 ἐξὸν
1124 2604 1199 2663 εἰς
1225 2600 1430 2670 ἐχθρόν
1454 2623 1592 2656 τινα.

405 2679 581 2753 πατὴρ
607 2705 708 2753 μεν
735 2674 838 2738 οὖν
862 2701 948 2739 σοι
972 2683 1192 2748 πόντιος
1215 2689 1445 2755 φρονῶν
1469 2690 1647 2749 καλῶς

406 2762 564 2835 ἔδωχ’
593 2785 828 2836 οσονπερ
852 2774 1017 2839 χρῆν,
1042 2771 1264 2838 ἐπείπερ
1288 2764 1511 2840 ῄνεσεν·

406 2847 475 2905 σὺ
502 2847 554 2904 δ’
583 2857 644 2906 ἔν
668 2875 697 2906 τ
745 2855 938 2926 ἐκείνῳ
963 2851 1067 2908 κάν
1094 2854 1213 2924 ἐμοὶ
1237 2858 1424 2923 φαίνει
1446 2852 1628 2923 κακός,
1763 2866 1872 2909 132(ἱ
