2022 3126
250 92 352 148 110

245 669 336 719 ΔΙ
335 708 346 718 .

242 1095 360 1148 ΧΟ.

244 1267 344 1317 ΔΙ.

243 1438 359 1488 ΧΟ.

242 1693 343 1743 ΔΙ.

242 1778 360 1828 XO.

243 1864 343 1913 ΔΙ.

955 99 1225 147 ΒΑΚΧΑΙ

436 245 586 295 ,Δίου
609 242 879 309 βροντᾶςς

437 329 619 380 δίκετε
645 322 846 378 πεδόσε
871 326 1052 379 δίκετε
1075 345 1313 396 τρομερα
1820 341 1907 388 σοι)

435 409 686 480 σώματα,
711 407 1029 473 Μαινάδες·

436 491 465 550 ὁ
489 492 596 566 γὰρ
624 489 760 559 ἄναξ
785 490 899 548 ἅνω
924 492 1071 548 κάτω
1095 496 1274 560 τιθεὶς
1297 501 1473 552 ἔπεισι

433 581 686 651 μέλαθρα
709 578 840 634 τάδε
862 577 1002 644 Διὸς
1030 579 1209 650 γόνος.

435 664 710 736 βάρβαροι
733 677 1023 736 γυναῖκες,
1050 661 1226 729 οὕτως
1255 666 1700 737 ἐκπεπληγμέναι
1725 667 1882 742 φόβῳ

433 748 570 822 πρὸς
594 750 744 824 πέδῳ
769 745 1071 806 πεπτώκατ’
1096 775 1110 817 ;
1150 747 1414 822 ᾔσθησθ’,
1442 747 1514 815 ῶς
1539 757 1709 822 ἔοικε,
1734 758 1886 808 Βακ-

997 840 1124 904 χίου
1824 850 1905 894 605

433 920 865 988 [διατινάξαντος
890 924 1046 990 δῶμα
1070 921 1365 984 Πενθέως·
1392 916 1504 975 ἀλλ’
1532 923 1846 987 ἐξανίστατε

434 1011 591 1077 σῶμα
615 1007 710 1061 καὶ
732 1014 996 1076 θαρσεῖτε
1021 1005 1228 1076 σάρκας
1253 1008 1610 1076 ἐξαμείψασαι
1633 1006 1871 1078 τρόμον].

432 1082 477 1146 ῶ
503 1092 643 1163 φάος
665 1094 925 1162 μέγιστον
949 1087 1082 1161 ἡμῖν
1108 1088 1267 1146 εὐίου
1293 1090 1686 1163 βακχεύματος,

435 1173 508 1243 ῶς
529 1180 746 1233 ἐσεῖδον
770 1174 978 1247 ἀσμένη
1008 1194 1098 1245 σε,
1126 1173 1326 1247 μονάδ’
1359 1173 1540 1246 ἔχουσ’
1572 1178 1821 1248 ἐρημίαν.

437 1267 513 1327 είς
537 1260 792 1333 ἀθυμίαν
816 1258 1098 1332 ἀφίκεσθ’,
1125 1258 1265 1331 ἡνίκ’
1297 1258 1724 1332 εἰσεπεμπόμην,
1824 1274 1907 1318 610

431 1350 699 1412 Πενθέως
726 1343 797 1410 ῶς
831 1352 907 1411 εἰς
931 1343 1218 1409 σκοτεινὰς
1250 1343 1490 1417 ὁρκάνας
1514 1345 1883 1417 πεσούμενος;

429 1439 543 1498 πῶς
571 1431 674 1504 γὰρ
704 1427 801 1498 οὕς
849 1437 929 1496 τίς
957 1454 1050 1501 μοι
1075 1431 1254 1501 φύλαξ
1280 1423 1383 1502 ἦν,
1430 1436 1480 1486 εἰ
1510 1429 1582 1486 σὺ
1619 1436 1905 1503 συμφορᾶς

999 1515 1213 1587 τύχοις;

434 1599 574 1658 ἀλλὰ
599 1608 714 1666 πῶς
736 1600 1139 1673 ἠλευθερώθης
1165 1599 1368 1672 ἀνδρὸς
1399 1598 1630 1656 ἀνοσίου
1652 1600 1860 1672 τυχών;

434 1685 602 1753 αὐτὸς
626 1684 846 1754 ἐξέσωσ’
875 1685 1115 1759 ἐμαυτὸν
1141 1689 1347 1760 ῥᾳδίως
1371 1684 1508 1741 ἄνευ
1533 1684 1725 1742 πόνου.

433 1770 572 1829 οὐδέ
592 1792 693 1828 σου
719 1778 935 1845 συνῆψε
958 1785 1107 1843 χεῖρε
1141 1777 1449 1842 δεσμίοισιν
1467 1775 1526 1827 ἐν
1552 1770 1800 1844 βρόχοις;
1826 1785 1908 1828 615

433 1865 605 1913 ταῦτα
638 1859 731 1913 καὶ
781 1854 1086 1929 καθύβρισ’
1128 1854 1326 1926 αὐτόν,
1374 1852 1458 1912 ὅτι
1503 1878 1570 1927 με
1617 1856 1909 1929 δεσμεύειν

1006 1947 1191 1997 δοκῶν

435 2024 545 2083 οὔτ’
587 2033 781 2099 ἔθιγεν
818 2022 942 2082 οὔθ’
983 2023 1153 2095 ἥψαθ’
1194 2023 1379 2097 ἡμῶν,
1433 2029 1651 2082 ἐλπίσιν
1686 2024 1739 2082 δ’
1781 2028 1908 2097 ἐβό-

1005 2129 1181 2167 σκετο.

439 2198 575 2269 πρὸς
601 2196 836 2267 φάτναις
861 2195 923 2251 δὲ
945 2201 1155 2267 ταῦρον
1184 2193 1385 2268 εὑρών,
1414 2189 1482 2253 οὗ
1505 2194 1750 2269 καθεῖρξ’
1768 2194 1909 2268 ἡμᾶς

1006 2279 1175 2352 ἄγων,

435 2370 576 2441 τῷδε
625 2368 753 2437 περὶ
799 2366 1037 2439 βρόχους
1094 2372 1290 2437 ἔβαλλε
1341 2365 1538 2439 γόνασι
1582 2369 1676 2423 καὶ
1719 2374 1908 2439 χηλαῖς

1011 2456 1217 2522 ποδῶν,

439 2534 630 2606 θυμὸν
655 2538 920 2607 ἐκπνέων,
942 2541 1146 2607 ἱδρῶτα
1171 2537 1419 2608 σώματος
1443 2537 1652 2605 στάζων
1675 2534 1801 2608 ἄπο,
1826 2551 1907 2594 620

436 2627 678 2691 χείλεσιν
704 2619 898 2686 διδοὺς
923 2619 1179 2685 ὀδόντας·
1209 2628 1444 2692 πλησίον
1470 2626 1502 2676 δ
1512 2618 1525 2639 ’
1555 2620 1661 2694 ἐγώ
1693 2620 1887 2693 παρών

436 2702 642 2776 ἥσυχος
667 2706 898 2762 θάσσων
925 2713 1206 2762 ἔλευσσον.
1257 2710 1317 2762 ἐν
1341 2706 1402 2762 δὲ
1427 2712 1569 2780 τῷδε
1593 2713 1669 2782 τῷ
1693 2703 1875 2781 χρόνῳ

437 2788 713 2856 ἀνετίναξ’
732 2791 918 2847 ἐλθών
941 2788 970 2847 ὁ
988 2791 1199 2862 Βάκχος
1225 2796 1380 2862 δῶμα
1405 2794 1497 2847 καὶ
1523 2790 1727 2865 μητρὸς
1749 2790 1906 2866 τάφῳ

437 2881 550 2948 πῦρ
577 2873 736 2948 ἀνῆψ’
755 2895 765 2906 ·
796 2873 823 2932 ὃ
841 2881 873 2932 δ
881 2875 893 2894 ⁷
914 2874 987 2941 ὡς
1011 2880 1204 2947 ἐσεῖδε,
1225 2874 1422 2948 δώματ’
1443 2885 1709 2933 αἴθεσθαι
1723 2881 1900 2932 δοκῶν
