2022 3126
199 98 295 151 106

197 249 311 297 HE.

193 334 293 382 AI.

191 418 311 467 ΠΕ.

193 504 292 552 ΔΙ.

192 588 309 636 ΠΕ.

193 673 292 721 ΔΙ.

191 758 310 806 ΠΕ.

192 843 292 892 ΔΙ.

192 928 311 976 ΠΕ.

194 1014 294 1062 ΔΙ.

192 1098 311 1147 ΠΕ.

194 1184 293 1233 ΔΙ.

192 1269 311 1317 ΠΕ.

193 1355 293 1403 ΔΙ.

198 1440 310 1488 ΠΕ.

194 1484 292 1573 AI.

197 1611 310 1658 HE.

195 1696 293 1744 ΔΙ.

195 1781 312 1829 ΠΕ.

194 1866 294 1914 ΔΙ.

194 1952 312 2000 ΠΕ.

194 2037 294 2085 ΔΙ.

192 2122 310 2170 HE.

192 2207 292 2256 AI.

192 2292 312 2340 HE.

195 2378 295 2426 AI.

195 2463 314 2511 ΠΕ.

197 2548 293 2597 ΔΙ.

193 2633 312 2681 ΠΕ.

193 2718 295 2767 AI.

193 2803 312 2852 HE.

198 2888 296 2935 ΛῙ.

904 102 1173 148 ΒΑΚΧΑΙ

385 235 449 298 εὖ
474 240 618 299 τοῦτ’
650 240 1072 314 ἐκιβδήλευσας,
1103 241 1168 300 ἵν’
1197 241 1434 300 ἀκοῦσαι
1460 248 1630 302 θέλω.
1778 260 1861 305 475

385 325 646 400 ἀσέβειαν
670 325 924 384 ἀσκοῦντ’
956 326 1091 400 ὄργι’
1123 333 1373 401 ἐχθαίρει
1397 335 1556 386 θεοῦ.

382 412 480 468 τὸν
503 411 645 469 θεὸν
670 410 811 480 ὁρᾶν
834 413 938 485 γὰρ
969 412 1078 484 φὴς
1101 421 1320 485 σαφῶς,
1349 415 1506 480 ποῖός
1524 439 1605 481 τις
1629 407 1730 486 ἦν;

385 495 572 563 ὁποῖος
597 495 750 569 ἤθελ’
769 517 781 527 ·
817 495 920 554 οὐκ
947 496 1053 570 ἐγώ
1071 496 1306 555 ”τασσον
1329 501 1473 556 τόδε.

382 579 522 638 τοῦτ’
552 575 627 639 αὖ
653 585 1071 655 παρωχέτευσας
1105 577 1197 654 εὗ,
1223 582 1429 640 κούδὲν
1454 588 1649 657 λέγων.

384 668 533 734 δόξει
557 692 638 734 τις
663 665 875 740 ἀμαθεῖ
893 667 1041 739 σοφὰ
1066 670 1246 740 λέγων
1271 667 1375 726 οὐκ
1402 663 1466 725 εὗ
1495 682 1748 742 φρονεῖν.
1777 683 1864 727 480

381 744 555 824 ἦλθες
582 753 644 809 δὲ
669 761 860 823 πρῶτα
886 750 1033 823 δεῦρ’
1064 751 1218 824 ἄγων
1243 753 1342 810 τὸν
1371 759 1639 826 δαίμονας

383 844 487 903 πᾶς
512 835 837 910 ἀναχορεύει
862 838 1164 910 βαρβάρων
1187 837 1309 895 τάδ’
1340 837 1518 911 ὄργια.

380 930 660 994 φρονοῦσι
683 923 789 995 γὰρ
817 924 1014 979 κάκιον
1031 920 1310 995 Ἑλλήνων
1336 925 1497 980 πολύ.

386 1005 507 1063 τάδ’
542 1001 605 1064 εὖ
629 1032 694 1081 γε
723 1015 959 1080 μᾶλλον·
994 1013 1050 1064 οὗ
1071 1010 1234 1081 νόμοι
1262 1010 1324 1066 δὲ
1351 1010 1630 1081 διάφοροι.

381 1092 446 1148 τὰ
472 1097 505 1149 δ
515 1091 527 1111 '
559 1093 680 1166 ἱερὰ
703 1094 924 1164 νύκτωρ
949 1090 984 1165 ἢ
1007 1091 1129 1165 μεθ’
1158 1091 1370 1166 ἡμέραν
1401 1103 1604 1163 τελεῖς;
1778 1108 1863 1151 485

384 1178 607 1251 νύκτωρ
635 1180 701 1234 τὰ
727 1179 930 1236 πολλά·
967 1177 1247 1251 σεμνότητ’
1277 1187 1386 1251 ἔχει
1410 1180 1618 1247 σκότος.

380 1262 524 1319 τοῦτ’
556 1270 631 1329 είς
655 1278 925 1335 γυναῖκας
950 1264 1140 1320 δόλιόν
1167 1268 1280 1321 ἐστι
1303 1267 1396 1321 καὶ
1423 1265 1657 1335 σαθρόν.

385 1346 491 1404 κάν
515 1347 692 1422 ἡμέρᾳ
716 1349 777 1404 τό
803 1347 846 1420 γ’
875 1348 1105 1421 αἰσχρὸν
1130 1350 1337 1421 ἐξεύροι
1369 1374 1450 1416 τις
1475 1349 1561 1406 ἄν.

382 1439 546 1505 δίκην
570 1452 632 1490 σε
658 1439 858 1490 δοῦναι
887 1439 976 1490 δεῖ
995 1436 1354 1507 σοφισμάτων
1379 1442 1585 1491 κακῶν.

384 1519 445 1575 σὲ
477 1517 530 1574 δ’
560 1517 804 1590 ἀμαθίας
828 1543 892 1591 γε
916 1517 1239 1592 κάσεβοῦντ’
1271 1526 1347 1586 εἰς
1375 1521 1474 1576 τὸν
1499 1520 1656 1576 θεόν.
1778 1533 1863 1579 490

383 1601 456 1669 ὥς
482 1604 702 1675 θρασὺς
727 1602 755 1660 ὁ
780 1605 993 1676 Βάκχος
1019 1603 1159 1661 κούκ
1185 1605 1537 1677 ἀγύμναστος
1563 1602 1763 1677 λόγων.

389 1686 492 1759 εἴφ’
526 1687 556 1746 ὅ
583 1714 634 1746 τι
659 1699 867 1746 παθεῖν
891 1696 1001 1746 δεῖ·
1036 1698 1095 1747 τί
1114 1715 1181 1762 με
1206 1691 1265 1747 τὸ
1294 1690 1486 1748 δεινὸν
1511 1691 1760 1763 ἐργάσει;

388 1780 612 1847 πρῶτον
637 1776 739 1846 μὲν
765 1773 942 1847 ἀβρὸν
967 1776 1280 1848 βόστρυχον
1305 1783 1450 1848 τεμῶ
1477 1779 1663 1832 σέθεν.

387 1859 534 1930 ἱερὸς
559 1857 586 1915 ὁ
614 1861 920 1932 πλόκαμος·
956 1868 1031 1936 τῷ
1059 1868 1176 1936 θεῷ
1203 1860 1256 1917 δ’
1287 1860 1460 1917 αὐτὸν
1486 1864 1689 1933 τρέφω.

385 1951 572 2001 ἔπειτα
599 1946 820 2017 θύρσον
845 1947 1008 2001 τόνδε
1036 1947 1282 2019 παράδος
1308 1950 1367 2002 ἐκ
1390 1959 1592 2018 χεροῖν.
1778 1959 1863 2006 495

387 2027 551 2095 αὐτός
577 2027 624 2101 μ’
655 2028 929 2100 ἀφαιροῦ·
962 2031 1125 2087 τόνδε
1149 2032 1439 2087 Διονύσου
1471 2038 1648 2102 φορῶ.

383 2120 657 2185 εἱρκταῖσί
674 2113 712 2170 τ’
744 2120 910 2171 ἔνδον
933 2122 1089 2186 σῶμα
1115 2116 1216 2172 σὸν
1240 2117 1574 2189 φυλάξομεν.

384 2198 542 2256 λύσει
566 2198 612 2271 μ’
643 2198 671 2256 ὁ
698 2206 912 2271 δαίμων
937 2199 1121 2271 αὐτός,
1148 2198 1281 2257 ὅταν
1307 2201 1412 2273 ἐγώ
1439 2205 1607 2258 θέλω.

384 2283 519 2342 ὅταν
543 2309 607 2357 γε
632 2288 866 2358 καλέσῃς
889 2284 1063 2342 αὐτὸν
1093 2290 1153 2342 ἐν
1177 2287 1417 2358 Βάκχαις
1449 2293 1690 2353 σταθείς.

385 2373 479 2426 καὶ
502 2377 611 2427 νῦν
636 2368 671 2426 ὁὶ
696 2371 884 2442 πάσχω
911 2378 1147 2442 πλησίον
1171 2371 1367 2444 παρεὸν
1391 2370 1511 2446 ὁρᾷ.
1779 2387 1863 2427 500

386 2459 478 2512 καὶ
504 2462 613 2512 ποῦ
629 2453 810 2523 ”στιν;
839 2455 906 2512 οὐ
932 2456 1037 2528 γὰρ
1064 2457 1308 2529 φανερὸς
1335 2456 1576 2529 ὄμμασίν
1599 2455 1644 2529 γ’
1675 2460 1839 2529 ἐμοῖς.

386 2539 508 2611 παρ’
537 2545 683 2612 ἐμοί·
733 2541 803 2597 σὺ
830 2539 882 2597 δ’
913 2539 1115 2613 ἀσεβὴς
1141 2541 1306 2607 αὐτὸς
1333 2539 1413 2598 ὦν
1439 2541 1543 2598 οὐκ
1571 2548 1804 2616 εἰσορᾷς.

384 2626 653 2695 λάζυσθε,
682 2640 1028 2698 καταφρονεῖ
1053 2651 1119 2698 με
1144 2630 1237 2683 καὶ
1263 2628 1450 2699 Θήβας
1475 2625 1588 2684 ὅδε.

387 2709 545 2768 αὐδῶ
570 2734 638 2782 με
661 2711 734 2783 μὴ
761 2717 882 2768 δεῖν
906 2720 1222 2784 σωφρονῶν
1248 2710 1315 2768 οὐ
1341 2713 1647 2784 σώφροσιν.

380 2795 485 2867 ἐγὼ
513 2797 575 2852 δὲ
601 2801 722 2852 δεῖν
745 2820 810 2867 γε
832 2797 1169 2870 κυριώτερος
1194 2800 1381 2853 σέθεν.
1777 2811 1862 2853 505

389 2879 493 2936 οὐκ
517 2878 659 2937 οἷσθ’
689 2878 721 2936 δ’
744 2905 794 2937 τι
822 2888 912 2954 ζῇς
935 2880 1059 2938 οὐδ’
1092 2879 1225 2956 ὁρᾷς
1250 2880 1330 2938 ἔθ’
1359 2879 1510 2947 ὅστις
1535 2881 1599 2939 εἶ.
