2022 3126
87 407 210 455 AN.

85 492 214 540 ME.

84 577 209 624 AN.

84 661 213 708 ME.

83 746 208 793 AN.

82 817 211 878 ME.

81 915 206 962 AN.

83 999 211 1048 ME.

83 1084 206 1132 AN.

82 1168 210 1216 ME.

83 1253 205 1301 AN.

688 92 1146 139 ANAPOMAXH
1679 95 1743 147 61

280 227 392 286 ἄλλ’
421 228 543 301 ἕρπ’
572 233 626 294 ἐς
650 238 838 294 οἴκους
860 227 1074 300 τούσδ’,
1100 228 1167 285 ἵν’
1198 236 1273 295 εἰς
1299 235 1634 307 ἐλευθέρους

282 315 453 385 δούλη
477 320 695 385 γεγῶσα
723 310 925 384 μήποθ’
954 311 1204 385 ὑβρίζειν
1230 316 1429 389 μάθῃς.

282 408 454 469 οἴμοι·
483 399 630 471 δόλῳ
653 395 701 468 μ’
729 395 1009 468 ὑπῆλθες,
1037 396 1382 470 ἠπατήμεθα.
1665 419 1746 463 435

272 479 504 554 κήρυσσ’
535 479 764 538 ἅπασιν·
791 479 857 537 οὐ
882 481 987 553 γὰρ
1017 485 1414 556 ἐξαρνούμεθα.

273 569 305 638 ἡ
332 564 477 621 ταῦτ’
507 589 565 621 εν
590 564 725 637 ὑμῖν
748 579 861 630 τοῖς
885 564 1007 635 παρ’
1034 566 1274 642 Εὐρώτα
1299 570 1474 641 σοφά·
1462 614 1475 637 ,

269 654 361 706 καὶ
385 663 497 716 τοῖς
520 673 583 721 γε
613 657 810 724 Τροία,
835 674 963 716 τους
988 653 1272 719 παθόντας
1298 652 1579 727 ἀντιδρᾶν.

271 734 336 791 τὰ
358 744 488 791 θεῖα
514 733 567 791 δ’
599 733 666 790 οὐ
691 732 806 791 θεῖ’
834 733 957 791 οὐδ’
987 743 1132 807 ἔχειν
1155 736 1282 809 ἡγεῖ
1301 744 1492 810 δίκην;

271 818 406 876 ὅταν
429 817 539 876 ποτ’
571 813 606 892 ᾗ
630 817 774 890 τάδ’,
801 828 1053 892 οἴσομεν·
1080 823 1140 877 σὲ
1173 824 1233 878 δὲ
1258 831 1450 879 κτενῶ.
1659 841 1745 882 440

268 898 303 976 ἦ
327 906 420 960 καὶ
442 904 676 960 νεοσσὸν
699 902 875 975 τόνδ’,
901 903 1010 961 ὑπὸ
1037 914 1256 977 πτερῶν
1281 910 1519 976 σπάσας;

273 987 339 1045 οὐ
368 994 530 1060 δῆτα·
552 991 796 1060 θυγατρὶ
822 987 896 1060 δ’,
925 987 996 1061 ἢν
1021 995 1191 1065 θέλῃ,
1220 994 1380 1048 δώσω
1406 1008 1645 1051 κτανεῖν.

270 1082 440 1144 οἴμοι·
477 1080 534 1130 τί
555 1074 692 1145 δῆτά
716 1072 767 1129 σ’
804 1072 871 1130 οὐ
898 1079 1209 1132 καταστένω
1226 1121 1239 1147 ,
1266 1081 1490 1146 τέκνον;

273 1156 483 1214 οὔκουν
507 1159 745 1230 θρασεῖά
769 1156 814 1230 γ’
843 1157 1017 1216 αὐτὸν
1042 1164 1193 1227 ἐλπὶς
1219 1160 1465 1233 ἀμμένει.

271 1236 314 1298 ῶ
338 1249 507 1299 πᾶσιν
532 1241 918 1316 ἀνθρώποισιν
944 1251 1187 1316 ἔχθιστοι
1211 1255 1428 1319 βροτῶν
1656 1264 1738 1307 445

268 1328 529 1400 Σπάρτης
555 1335 786 1400 ἔνοικοι,
815 1330 973 1385 δόλια
998 1333 1385 1404 βουλευτήρια,

270 1418 500 1478 ψευδῶν
524 1411 783 1484 ἄνακτες,
811 1416 1234 1487 μηχανορράφοι
1259 1425 1464 1489 κακῶν,

273 1495 456 1553 ἑλικτὰ
481 1495 686 1553 κούδὲν
712 1495 891 1569 ὑγιές,
918 1497 1056 1554 ἀλλὰ
1080 1506 1191 1556 πᾶν
1216 1504 1370 1573 πέριξ

270 1588 640 1652 φρονοῦντες,
669 1579 872 1649 ἀδίκως
899 1582 1158 1655 εὐτυχεῖτ’
1189 1584 1268 1641 ἄν’
1290 1585 1534 1643 Ἑλλάδα.

275 1673 328 1721 τί
348 1671 381 1721 δ
388 1664 400 1684 ’
430 1664 532 1722 οὐκ
558 1670 617 1722 ἐν
645 1665 778 1739 ὑμῖν
805 1672 978 1736 ἐστιν;
1009 1668 1075 1725 οὗ
1105 1678 1347 1727 πλεῖστοι
1372 1673 1564 1744 φόνοις
1652 1687 1740 1730 450

270 1749 372 1807 οὐκ
397 1756 834 1824 αἰσχροκερδεῖς;
861 1751 927 1808 οὐ
952 1756 1204 1825 λέγοντες
1229 1753 1366 1811 ἄλλα
1390 1758 1490 1828 μὲν

269 1835 513 1908 γλώσσῃ,
541 1844 883 1907 φρονοῦντες
907 1843 941 1894 δ
948 1835 961 1855 ’
990 1836 1101 1893 ἄλλ’
1135 1839 1519 1911 ἐφευρι’σκεσθ’
1549 1840 1660 1909 ἆεί;

268 1917 497 1976 ὅλοισθ’.
536 1923 658 1992 ἐμοὶ
685 1922 746 1978 δὲ
770 1922 1011 1988 θάνατος
1037 1922 1140 1995 οὐχ
1163 1923 1310 1980 οὕτω
1334 1925 1511 1998 βαρὺς

266 2002 338 2069 ῶς
362 2007 449 2060 σοὶ
473 2008 755 2062 δέδοκται·
797 2020 954 2063 κεῖνα
978 2009 1082 2080 γάρ
1109 2006 1156 2080 μ’
1185 2008 1488 2082 ἀπώλεσεν,

265 2086 350 2145 ὅθ’
380 2087 413 2161 ἡ
438 2091 668 2146 τάλαινα
692 2091 850 2157 πόλις
875 2090 1141 2166 ἄναλώθη
1171 2102 1415 2167 Φρυγῶν
1654 2111 1737 2153 455

265 2174 422 2239 πόσις
444 2172 496 2230 θ’
525 2173 553 2230 ὁ
580 2177 825 2246 κλεινός,
854 2175 913 2242 ὅς
937 2195 998 2233 σε
1023 2180 1285 2245 πολλάκις
1310 2184 1435 2253 δορὶ

264 2259 477 2330 ναύτην
503 2266 708 2332 έθηκεν
734 2259 858 2317 ἄντι
882 2271 1140 2336 χερσαίου
1166 2267 1354 2322 κακόν.

264 2349 373 2399 νῦν
398 2341 450 2399 δ’
482 2351 558 2410 εἰς
585 2359 823 2417 γυναῖκα
847 2347 1048 2419 γοργὸς
1073 2348 1296 2421 ὁπλίτης
1320 2353 1516 2423 φανεὶς

265 2435 499 2494 κτείνεις
523 2454 602 2501 μ;
630 2429 934 2488 ἀπόκτειν’·
969 2431 1041 2498 ῶς
1066 2431 1400 2492 αθώπευτόν
1423 2439 1489 2507 γέ
1508 2453 1569 2492 σε

265 2513 514 2585 γλώσσης
540 2512 738 2587 ἀφήσω
761 2522 856 2587 τῆς
883 2521 1012 2590 ἐμῆς
1036 2521 1128 2574 και
1153 2525 1324 2576 παῖδα
1348 2521 1468 2591 σήν.
1650 2534 1737 2577 460

269 2600 387 2653 ἐπεὶ
411 2598 482 2655 σὺ
507 2600 608 2671 μὲν
633 2603 887 2671 πέφυκας
913 2605 974 2658 ἐν
1001 2603 1233 2678 Σπάρτῃ
1257 2608 1441 2677 μέγας,

265 2679 417 2752 ἡμεῖς
441 2685 503 2739 δὲ
534 2691 703 2758 Τροία
730 2683 795 2756 γ’.
833 2692 883 2742 εἰ
903 2684 957 2742 δ’
986 2687 1091 2761 ἐγώ
1117 2689 1342 2762 πράσσω
1367 2695 1565 2759 κακῶς,

266 2766 437 2834 μηδὲν
461 2766 578 2824 τόδ’
606 2767 791 2840 αὔχει·
818 2773 910 2827 καὶ
933 2769 1004 2827 σὺ
1028 2772 1133 2844 γὰρ
1159 2774 1416 2845 πράξειας
1445 2771 1529 2828 ἄν.
