2022 3126
607 726 1184 782 ΥΠΟΘΕΣΙΣ.

208 1069 595 1137 Νεοπτόλεμος
628 1070 687 1120 ἐν
717 1073 783 1139 τῇ
819 1073 990 1140 Τροία
1017 1071 1180 1136 γέρας
1211 1067 1397 1138 λαβών
1429 1066 1658 1136 Ἀνδρο-

68 1149 245 1218 μάχην
273 1149 375 1218 τὴν
401 1147 660 1217 Ἕκτορος
702 1161 957 1219 γυναῖκα,
992 1153 1159 1204 παῖδα
1190 1154 1375 1203 ἔτεκεν
1406 1152 1457 1215 ἐξ
1493 1147 1660 1219 αὐτῆς

68 1231 186 1300 [τὸν
206 1232 518 1302 Μολοττόν]
540 1255 550 1264 ·
600 1227 838 1297 ὕστερον
864 1231 925 1284 δὲ
956 1233 1224 1299 ἐπέγημεν
1248 1228 1540 1299 Ἑρμιόνην
1559 1230 1661 1299 τὴν

71 1313 366 1368 Μενελάου
411 1316 712 1382 θυγατέρα.
770 1315 923 1375 δίκας
962 1311 1020 1365 δὲ
1061 1317 1281 1378 πρῶτον
1318 1308 1531 1381 ᾗτηκως
1567 1318 1658 1380 τῆς

75 1398 343 1464 Αχιλλέως
364 1392 694 1461 ἀναιρέσεως
724 1391 823 1446 τόν
851 1395 909 1445 ἐν
929 1399 1173 1461 Δελφοῖς
1194 1391 1527 1461 Ἀπόλλωνα,
1550 1393 1656 1445 πά-
1671 1405 1698 1447 5

69 1481 157 1528 λιν
179 1467 355 1542 ἦλθεν
376 1474 462 1527 ἐπὶ
482 1471 540 1526 τὸ
564 1474 900 1542 χρηστήριον
914 1473 1273 1542 μετανοήσας,
1294 1476 1385 1526 ’ἵνα
1404 1473 1503 1526 τὸν
1522 1471 1661 1527 θεὸν

69 1556 394 1623 ἐξιλάσηται.
441 1555 754 1622 ζηλοτύπως
776 1553 825 1608 δ’
852 1559 1052 1623 ἔχουσα
1084 1553 1220 1621 πρὸς
1239 1554 1340 1622 τὴν
1356 1552 1661 1624 Ἀνδρομά-

69 1659 170 1705 χην
190 1635 222 1705 ἡ
246 1636 458 1706 βασιλὶς
483 1635 813 1706 ἐβουλεύετο
837 1634 956 1689 κατ’
989 1634 1160 1704 αὐτῆς
1189 1634 1466 1705 θάνατον,
1496 1657 1661 1705 μετα-

70 1720 395 1787 πεμψαμένη
415 1717 513 1770 τὸν
531 1720 825 1771 Μενέλαον
839 1739 850 1751 ·
890 1712 925 1786 ἢ
960 1718 1020 1771 δὲ
1040 1717 1100 1770 τὸ
1130 1721 1352 1769 παιδίον
1371 1718 1472 1785 μὲν
1492 1714 1661 1781 ὑπεξ-

69 1805 296 1870 έθηκεν,
337 1798 474 1869 αύτή
518 1803 576 1853 δὲ
615 1804 927 1869 κατέφυγεν
964 1803 1051 1854 ἐπὶ
1078 1798 1136 1853 τὸ
1180 1799 1330 1868 ἱερὸν
1367 1805 1461 1868 τῆς
1500 1801 1658 1854 Θέτι·
1675 1815 1729 1855 10

68 1885 180 1946 δος.
214 1886 269 1935 οἱ
296 1883 354 1936 δὲ
376 1883 500 1948 περὶ
529 1881 626 1934 τὸν
647 1883 942 1935 Μενέλαον
964 1882 1054 1934 καὶ
1078 1880 1137 1934 τὸ
1173 1885 1394 1934 παιὸίον
1421 1878 1662 1949 άνεῦρον

67 1965 157 2016 καὶ
177 1965 394 2033 ἐκείνην
425 1961 802 2032 άπατήσαντες
832 1960 1089 2032 ἤγειραν·
1138 1964 1228 2016 καὶ
1249 1963 1511 2031 σφάττειν
1532 1966 1663 2031 μέλ-

66 2053 258 2109 λοντες
279 2043 628 2114 ἀμφοτέρους
650 2046 1018 2114 ἐκωλύθησαν
1036 2048 1263 2113 Πηλέως
1282 2046 1658 2113 ἐπιφανέντος.

68 2133 356 2194 Μενέλαος
397 2128 497 2199 μὲν
536 2123 640 2183 οὖν
671 2128 925 2199 ἀπῆλθεν
968 2136 1044 2195 εἰς
1072 2130 1360 2199 Σπάρτην·
1403 2127 1661 2199 Ἑρμιόνη

68 2211 127 2265 δὲ
149 2212 480 2281 μετενόησεν
515 2209 887 2282 εὐλαβηθεῖσα
919 2211 1021 2281 τὴν
1049 2216 1358 2278 παρουσίαν
1391 2216 1493 2264 τοῦ
1511 2216 1658 2265 Νεο-
1678 2226 1731 2267 15

69 2297 358 2364 πτολέμου.
398 2298 846 2365 παραγενόμενος
878 2298 937 2351 δὲ
971 2295 998 2351 ὁ
1037 2293 1288 2363 Ὀρέστης
1324 2294 1531 2363 ταύτην
1560 2291 1662 2363 μὲν

68 2373 571 2447 ἆπήγαγεπείσας,
612 2381 981 2452 Νεοπτολέμῳ
1024 2379 1083 2431 δὲ
1121 2377 1554 2446 ἐπεβούλευσεν·
1595 2371 1662 2427 ὂν

69 2457 158 2508 καὶ
189 2462 541 2525 φονευθέντα
573 2465 830 2529 παρῆσαν
860 2463 917 2515 οἰ
939 2463 1221 2529 φέροντες.
1259 2465 1437 2528 Πηλεῖ
1453 2460 1511 2513 δὲ
1532 2458 1660 2529 μέλ-

69 2543 222 2589 λοντι
255 2534 354 2590 τὸν
389 2539 591 2605 νεκρὸν
629 2548 865 2610 θρηνεῖν
903 2545 1058 2604 Θέτις
1097 2542 1424 2609 ἐπιφανεῖσα
1459 2544 1660 2593 τοῦτον

69 2617 323 2681 ἐπέταξεν
354 2621 415 2671 ἐν
441 2627 686 2689 Δελφοῖς
711 2622 916 2692 θάψαι,
956 2622 1057 2690 τὴν
1093 2622 1151 2674 δὲ
1182 2619 1555 2690 Ἀνδρομάχην
1584 2623 1731 2684 είςΞΟ

71 2697 408 2762 Μολοσσοὺς
445 2697 764 2756 ἀποστεῖλαι
801 2703 934 2772 μετὰ
971 2707 1073 2755 τοῦ
1114 2701 1333 2770 παιδός,
1391 2699 1565 2755 αὐτὸν
1602 2699 1662 2753 δὲ

74 2777 391 2832 ἀθανασίαν
421 2783 849 2851 προσδέχεσθαι·
889 2781 1073 2851 τυχών
1111 2784 1170 2836 δὲ
1208 2782 1408 2850 ταύτης
1446 2786 1520 2845 εἰς
1555 2803 1660 2851 μα-

70 2879 258 2925 καρων
279 2859 486 2928 νήσους
512 2859 742 2932 ᾤκησεν.
