2022 3126
248 81 316 129 64
867 75 1327 124 ΛΝΔΡΟΜΑΧΗ

439 220 610 288 στάζω
636 218 894 282 λισσάδος
923 213 995 281 ὡς
1021 218 1222 287 πέτρας

439 305 597 377 λιβὰς
623 302 875 374 ἆνήλιος,
903 299 937 357 ἆ
959 299 1189 358 τάλαιν’.

253 399 381 448 ΜΟ.
444 388 584 462 ὤμοι
607 412 698 461 μοι
716 433 730 457 ,
757 394 815 443 τί
835 385 889 443 δ’
919 386 1025 458 ἐγώ
1051 393 1241 443 κακῶν
1835 400 1919 444 535

438 482 607 547 μῆχος
631 473 1007 544 ἐξανύσωμαι;

249 570 376 620 ME.
429 568 487 617 τί
505 583 571 632 με
595 564 980 628 προσπίτνεις,
1011 560 1170 615 ἁλίαν
1199 565 1402 629 πέτραν

251 1251 364 1299 XO.

252 1421 374 1470 ΠΗ.

257 2450 374 2499 ΑΝ.

439 642 474 717 ἢ
499 652 648 717 κῦμα
672 652 848 708 λιταῖς
887 643 960 710 ὥς
993 645 1278 711 ίκετεύωνς

439 744 551 796 τοῖς
575 729 681 802 γὰρ
708 733 923 801 ἐμοῖσιν
947 726 1126 801 γέγον’
1155 726 1387 800 ὠφελία,

439 819 527 872 σοὶ
553 821 586 872 δ
598 813 610 833 ’
640 813 810 871 οὐδὲν
836 820 939 886 ἔχω
966 820 1229 885 φίλτρον,
1255 817 1380 870 ἐπεί
1400 836 1480 869 τοι
1838 825 1922 868 54⁰

439 899 551 974 μέγ’
582 898 872 965 αναλώσας
894 905 1075 970 ψυχῆς
1104 899 1301 971 μόριον

447 993 653 1059 Τροίαν
679 982 828 1041 εἶλον
853 987 947 1040 καὶ
969 987 1175 1056 μητέρα
1201 984 1331 1055 σήν·

441 1075 504 1145 ἧς
530 1070 831 1128 απολαύων

423 1156 551 1214 ρΑιδ
559 1181 624 1229 ην
648 1157 885 1228 χθόνιον
910 1156 1226 1227 καταβήσει.

435 1246 529 1299 καὶ
553 1242 664 1315 μὴν
692 1244 933 1314 δέδορκα
957 1240 1120 1297 τόνδε
1144 1243 1334 1312 Πηλέα
1360 1241 1544 1309 πέλας,
1841 1252 1924 1294 545

441 1333 661 1401 σπουδῇ
686 1329 915 1382 τιθέντα
941 1330 1112 1395 δεῦρο
1137 1323 1375 1397 γηραιὸν
1399 1324 1560 1380 πόδα.

439 1412 583 1485 ὑμᾶς
610 1417 796 1484 ἐρωτῶ
822 1409 921 1467 τόν
945 1410 983 1470 τ’
1016 1414 1299 1483 ἐφεστῶτα
1323 1415 1529 1482 σφαγῇ,

439 1506 496 1554 τί
516 1505 689 1554 ταῦτα
715 1501 809 1554 καὶ
833 1503 978 1565 πῶςς
1012 1499 1072 1552 ἐκ
1104 1503 1252 1560 τίνος
1281 1499 1453 1565 λόγου
1485 1507 1642 1550 νοσεῖ

445 1585 642 1657 δόμος;
669 1590 727 1640 τί
750 1580 1002 1654 πράσσετ’
1033 1580 1230 1655 ἄκριτα
1256 1580 1671 1654 μηχανώμενοις

440 1667 703 1741 .Μενέλα’,
734 1673 977 1740 ἐπίσχες·
1012 1668 1084 1740 μὴ
1111 1665 1295 1739 τάχυν’
1324 1664 1464 1722 ἄνευ
1490 1671 1663 1737 δίκης.
1840 1680 1926 1721 550

441 1755 585 1829 ἡγοῦ
612 1754 682 1811 σὺ
709 1760 925 1810 θᾶσσον
942 1773 952 1782 ·
983 1751 1051 1809 οὐ
1076 1753 1182 1825 γὰρ
1213 1751 1286 1817 ὡς
1312 1754 1463 1808 ἔοικέ
1482 1774 1576 1823 μοι

440 1847 636 1913 σχολῆς
661 1837 783 1896 τόδ’
813 1845 1009 1911 ἔργον,
1038 1836 1152 1894 αλλ’
1184 1836 1565 1909 ἄνηβητηρίαν

443 1927 635 1999 ρωμην
660 1923 706 1997 μ’
738 1929 946 1981 ἐπαινῶ
971 1924 1302 1996 λαμβανειν
1333 1931 1486 1994 εἰπερ
1512 1924 1659 1977 ποτέ.

445 2018 666 2081 πρῶτον
691 2034 792 2083 μεν
818 2002 923 2066 οὖν
948 2007 1059 2065 κατ’
1089 2011 1264 2083 οὖρον
1290 2005 1475 2079 ω’σπερ
1505 2011 1697 2071 ιστίοις

443 2097 819 2169 ἐμπνεύσομαι
844 2092 996 2168 τῇδ’·
1026 2097 1170 2166 εἰπέ,
1197 2100 1308 2150 τίνι
1335 2098 1463 2166 δίκῃ
1486 2095 1650 2165 χέρας
1845 2107 1927 2148 555

442 2183 730 2255 βρόχοισιν
754 2181 1086 2252 ἐκδήσαντες
1112 2178 1220 2236 οἵδ’
1251 2177 1458 2251 ἄγουσί
1478 2196 1539 2234 σε

441 2293 535 2324 και
557 2266 736 2334 παῖδ’;
767 2264 1015 2338 ύπαρνος
1041 2290 1145 2338 γαρ
1172 2289 1253 2330 τις
1278 2261 1351 2331 ὡς
1376 2261 1708 2334 ἀπόλλυσαι,

444 2352 601 2427 ἡμῶν
627 2351 886 2409 ἀπόντων
910 2358 1012 2407 τοῦ
1035 2375 1094 2407 τε
1116 2358 1320 2425 κυρίου
1345 2352 1532 2406 σέθεν.

437 2437 566 2510 οι”,δ
597 2463 637 2495 ω
669 2440 885 2510 γεραιέ,
913 2456 1020 2493 συν
1043 2439 1219 2512 τέκνῳ
1244 2436 1606 2506 θανουμένην

450 2523 654 2597 αγουσί
673 2521 721 2595 μ’
752 2521 929 2588 οὕτως
955 2521 1025 2589 ὡς
1051 2520 1200 2597 ὁρᾷς.
1250 2528 1310 2577 τί
1326 2540 1413 2577 σοι
1438 2522 1613 2591 λέγω;
1842 2530 1927 2576 560

447 2634 513 2667 ου
539 2634 645 2683 γαρ
671 2615 795 2680 μιᾶς
819 2627 881 2665 σε
905 2607 1174 2681 κληδόνος
1198 2611 1491 2678 προθυμία

445 2702 756 2768 μετῆλθον.
786 2691 925 2750 αλλὰ
950 2699 1170 2766 μυρίων
1197 2688 1287 2748 υπ’
1316 2689 1585 2763 ἀγγέλων.

450 2787 570 2853 ἔριν
596 2781 657 2837 δὲ
680 2779 783 2851 τὴν
806 2778 918 2835 κατ’
951 2779 1107 2836 οἶκον
1129 2777 1299 2834 οἶσθά
1322 2799 1432 2833 που
1457 2776 1649 2831 κλύων

447 2873 542 2940 τῆς
565 2870 732 2923 τοῦδε
756 2865 1065 2936 θυγατρός,
1113 2856 1193 2919 ὧν
1219 2859 1258 2919 τ’
1287 2859 1603 2933 ἀπόλλυμαι
1625 2856 1805 2931 χάριν.
