2022 3126
745 107 1166 155 ΙΠΠΟΛΥΤΟΣ

314 246 437 314 ἑνὸς
464 245 519 305 δ’
546 246 797 318 ἄθικτος,
826 239 869 321 ᾧ
897 269 964 317 με
992 253 1100 302 νῦν
1125 249 1270 302 ἑλεῖν
1293 252 1502 311 δοκεῖς·

313 334 504 403 λέχους
526 332 630 402 γὰρ
657 337 734 396 εἰς
757 327 876 386 τόδ’
904 328 1107 400 ἡμέρας
1134 328 1306 402 ἁγνὸν
1331 331 1512 401 δέμας.

315 414 416 471 οὐκ
441 416 562 472 οἶδα
585 418 784 487 πρᾶξιν
806 414 972 485 τήνδε
995 413 1140 484 πλὴν
1163 415 1309 489 λόγῳ
1334 414 1523 470 κλύων

310 506 498 572 γραφῇ
523 523 580 555 τε
605 500 881 555 λεύσσων·
909 495 1041 553 οὐδὲ
1062 505 1234 553 ταῦτα
1259 497 1364 570 γὰρ
1391 511 1618 554 σκοπεῖν

313 584 602 655 πρόθυμός
629 589 765 655 εἰμι,
793 584 1079 654 παρθένον
1100 581 1286 653 ψυχὴν
1310 589 1465 653 ἔχων.

314 673 486 723 καίτοι
514 666 574 723 τό
608 674 835 738 σῶφρον
858 664 1065 737 τούμὸν
1089 665 1155 722 οὐ
1179 673 1365 722 πείθει
1389 664 1441 721 σ’
1471 675 1624 732 ἴσως·

312 756 400 807 δεῖ
425 752 492 822 δή
517 770 578 807 σε
602 754 773 818 δεῖξαι
797 756 872 825 τῷ
897 750 1079 825 τρόπῳ
1105 751 1436 822 διεφθάρην.

312 835 516 905 πότερα
540 835 600 891 τὸ
624 841 789 907 τῆσδε
814 832 953 905 σῶμ’
983 835 1389 891 ἐκαλλιστεύετο

313 925 505 974 πασῶν
527 926 840 990 γυναικῶν;
871 915 907 989 ἦ
929 917 1030 974 σὸν
1051 919 1296 990 οἰκήσειν
1321 919 1492 989 δόμον

313 1009 580 1074 ἔγκληρον
609 1001 781 1074 εὐνὴν
804 1001 1136 1074 προσλαβών
1163 1003 1465 1074 ε’πήλπισα·
1452 1046 1466 1069 ,

314 1088 538 1157 μάταιος
562 1085 654 1158 ἄρ’
689 1089 722 1157 ἠ
743 1126 758 1155 ,
789 1082 1078 1155 κούδαμοῦ
1107 1089 1279 1155 μετῆν
1309 1089 1548 1157 φρενῶν.

311 1168 432 1227 ἀλλ’
465 1168 536 1235 ῶς
561 1184 859 1243 τυραννεῖν
882 1166 991 1240 ἡδὺ
1014 1183 1154 1226 τοῖσι
1178 1170 1490 1241 σώφροσιν;

312 1252 506 1325 ἥκιστά
531 1253 605 1325 γ’,
632 1261 683 1310 εί
703 1254 775 1326 μὴ
799 1254 894 1319 τὰς
924 1257 1131 1326 φρένας
1155 1257 1424 1327 διέφθορε

307 1346 533 1410 θνητῶν
557 1336 768 1395 ὅσοισιν
792 1337 1018 1395 ἁνδάνει
1040 1345 1323 1411 μοναρχία.

311 1423 416 1494 ε’γω
444 1422 497 1479 δ’
526 1421 742 1495 ἀγῶνας
764 1425 865 1495 μὲν
889 1437 1112 1492 κρατεῖν
1137 1421 1488 1496 Ἑλληνικοὺς

309 1514 521 1577 πρῶτος
544 1506 761 1579 θέλοιμ’
790 1505 886 1578 ἅν,
916 1510 977 1564 ἐν
1000 1509 1155 1564 πόλει
1178 1510 1240 1564 δὲ
1267 1508 1523 1580 δεύτερος

313 1591 420 1648 σὺν
443 1605 554 1657 τοῖς
577 1590 818 1664 ἀρίστοις
842 1590 1095 1664 εὐτυχεῖν
1122 1591 1208 1648 ἀεὶ
1236 1599 1434 1665 φίλοις.

310 1677 575 1746 πράσσειν
598 1700 656 1732 τε
682 1676 783 1748 γὰρ
809 1677 1064 1748 πάρεστι,
1090 1678 1354 1742 κίνδυνός
1380 1675 1430 1732 τ’
1459 1674 1615 1733 ἀπὼν

311 1767 548 1831 κρείσσω
574 1766 769 1817 δίδωσι
791 1767 884 1832 τῆς
908 1767 1240 1833 τυραννίδος
1261 1762 1438 1833 χάριν.

314 1867 375 1900 εν
404 1844 471 1901 ού
496 1848 742 1902 λέλεκται
766 1851 876 1901 τῶν
901 1849 1073 1918 ἐμῶν,
1099 1845 1165 1902 τὰ
1192 1844 1246 1902 δ’
1276 1844 1398 1901 άλλ’
1427 1853 1586 1918 ἔχεις·

314 1935 365 1984 εἰ
383 1953 484 2000 μεν
507 1930 612 2001 γὰρ
638 1923 709 2001 ἦν
732 1953 823 2001 μοι
848 1930 1056 2003 μάρτυς
1080 1927 1194 1997 οἶός
1220 1928 1326 2002 εἰμ’
1362 1932 1486 2002 ἐγώ,

310 2018 402 2069 καὶ
430 2012 585 2085 τῆσδ’
613 2012 825 2086 ὁρώσης
850 2017 1052 2087 φέγγος
1073 2013 1435 2087 ἠγωνιζόμην,

311 2104 492 2169 ἔργοις
521 2096 591 2154 ἂν
615 2099 756 2164 εἶδες
779 2097 909 2164 τούς
932 2098 1137 2166 κακούς
1161 2099 1396 2168 διεξιών.

312 2188 420 2237 νῦν
451 2182 504 2238 δ’
541 2180 732 2255 ὅρκιόν
758 2202 845 2240 σοι
869 2190 1022 2255 Ζῆνα
1044 2186 1137 2240 καὶ
1159 2187 1330 2241 πέδον
1351 2183 1556 2255 χθονὸς

312 2264 517 2338 όμνυμι
548 2273 659 2323 τῶν
682 2273 796 2323 σῶν
819 2267 1028 2339 μήποθ’
1057 2266 1307 2334 ἅψασθαι
1333 2268 1524 2340 γάμων

309 2349 439 2423 μηδ’
467 2375 537 2406 αν
559 2358 792 2423 θελῆσαι
815 2350 947 2424 μηδ’
975 2377 1044 2408 αν
1068 2359 1288 2409 ἔννοιαν
1312 2360 1520 2425 λαβεῖν.

310 2437 344 2506 ἠ
374 2433 495 2507 τᾶρ’
522 2433 753 2508 ὀλοίμην
776 2433 972 2508 ἀκλεὴς
995 2434 1301 2510 ἀνώνυμος,

311 2517 571 2586 [άπολις’
548 2519 760 2591 άοικος,
788 2520 970 2592 φυγὰς
996 2519 1281 2593 ἀλητεύων
1304 2522 1521 2593 χθόνα,]

308 2605 401 2659 καὶ
425 2604 559 2676 μήτε
581 2605 778 2670 πόντος
800 2607 935 2678 μήτε
958 2612 1028 2677 γῆ
1053 2607 1263 2673 δέξαιτό
1287 2629 1394 2677 μου

309 2688 516 2760 σάρκας
537 2689 836 2761 θανόντος,
867 2696 918 2745 εί
937 2689 1103 2756 κακὸς
1128 2690 1334 2763 πέφυκ’
1365 2688 1520 2762 ἀνήρ.

311 2780 364 2827 τί
384 2770 434 2827 δ’
462 2770 563 2844 ἥδε
588 2771 929 2845 δειμαίνουσ’
960 2772 1243 2832 ἀπώλεσεν
1265 2781 1392 2847 βίον

310 2853 412 2912 οὐκ
436 2855 541 2913 οἶδ’
559 2876 572 2887 ·
601 2860 721 2929 ε’μοὶ
743 2856 847 2930 γὰρ
873 2856 941 2914 οὐ
965 2861 1124 2931 θέμις
1147 2862 1288 2932 πέρα
1310 2862 1506 2930 λέγειν.

1671 103 1762 156 44?

1666 515 1772 556 1005

1666 934 1772 975 1010

1665 1354 1771 1396 1015

1666 1776 1774 1818 1020

1665 2199 1771 2242 1025

1667 2621 1772 2665 1030
