2022 3126
184 84 290 139 236
528 83 532 86 Δ
888 89 1134 136 ΕΛΕΝΗ

187 234 405 285 ΘΕΟΚ.
431 227 642 300 σύγγον
653 249 712 283 w
741 240 965 283 κτανεῖν
989 232 1279 312 κακίστην9
1304 234 1422 283 ΧΟ.
1454 225 1851 302 εὐσεβεστάτην

938 335 1040 383 μεν
1064 334 1184 367 ουν.
1238 376 1241 379 ,

186 405 405 454 ΘΕΟΚ.
431 395 466 469 ἦ
490 419 557 468 με
582 395 911 470 προύδωκεν
936 403 1052 451 ΧΟ.
1091 396 1267 467 καλήν
1298 419 1362 467 γε
1394 401 1726 470 προδοσίαν,
1764 404 1852 455 δί-

946 505 1074 536 καια
1100 485 1258 552 δρᾶν.

186 573 405 624 ΘΕΟΚ.
431 563 573 637 τάμὰ
596 563 780 639 λέκτρ’
809 563 956 640 ἄλλῳ
986 569 1235 621 διδοῦσα.
1276 572 1394 621 ΧΟ.
1421 577 1533 631 τοῖς
1557 589 1620 637 γε
1643 589 1852 635 κυριω-

742 654 744 657 ’
948 652 1143 723 τέροις.

187 743 404 793 ΘΕΟΚ.
430 736 623 808 κύριος
652 735 714 791 δὲ
747 742 859 791 τῶν
883 740 1031 807 ἐμῶν
1055 741 1164 801 τίς;
1201 740 1318 790 ΧΟ.
1345 730 1404 799 ὂς
1429 739 1627 807 ἔλαβεν
1651 736 1851 809 πατρὸς

947 819 1109 892 πάρα.
1746 835 1854 878 1635

186 912 403 962 ΘΕΟΚ.
433 903 552 962 ἀλλ’
582 911 790 962 ἔδωκεν
814 903 847 978 ἡ
871 905 1007 976 τύχη
1031 928 1139 976 μοι.
1169 911 1285 959 ΧΟ.
1313 902 1373 959 τὸ
1399 904 1461 959 δὲ
1486 904 1666 978 χρεὼν
1690 903 1843 977 οἰφείΓ

947 998 1086 1046 λετο.

187 1082 405 1132 ΘΕΟΚ.
433 1073 499 1131 οὐ
549 1076 610 1132 σὲ
655 1073 797 1146 τᾶμά
841 1074 942 1148 χρὴ
993 1075 1249 1143 δικάζειν.
1300 1080 1417 1129 ΧΟ.
1453 1071 1523 1145 ἤν
1558 1098 1621 1147 γε
1655 1082 1852 1148 βελτίω

946 1161 1104 1232 λέγω.

187 1252 404 1301 ΘΕΟΚ.
433 1242 734 1317 ἀρχόμεσθ’
766 1242 876 1316 ἄρ’,
917 1242 985 1299 οὐ
1012 1249 1340 1316 κρατοῦμεν.
1377 1251 1495 1299 ΧΟ.
1534 1242 1657 1300 ὅσια
1694 1250 1851 1317 δρᾶν,

940 1328 1006 1384 τὰ
1031 1326 1082 1385 δ’
1113 1326 1286 1385 ἔκδικ’
1317 1325 1399 1384 οῦ.

187 1422 404 1471 ΘΕΟΚ.
433 1424 736 1472 κατθανεῖν
772 1417 906 1485 ἐρᾶν
943 1420 1139 1479 ἔοικας.
1179 1421 1296 1470 ΧΟ.
1329 1425 1535 1469 κτεῖνε·
1574 1414 1854 1486 σύγγονον

943 1499 1004 1555 δὲ
1029 1498 1133 1570 σὴν

378 1583 445 1641 οὐ
470 1599 680 1651 κτενεῖς
705 1583 862 1656 ἡμῶν
882 1586 1143 1656 ἑκόντων,
1167 1584 1279 1642 ἀλλ’
1295 1583 1391 1656 ἔμ’·
1425 1584 1500 1650 ὥς
1520 1588 1625 1655 πρὸ
1651 1588 1853 1639 δεσπο-

948 1676 1060 1726 τῶν
1742 1681 1854 1725 1640

376 1768 517 1811 τοῖσι
548 1762 855 1827 γενναίοισι
882 1755 1106 1820 δούλοις
1133 1752 1527 1811 εὐκλεέστατον
1550 1762 1766 1809 θανεῖν.

187 1847 286 1897 ΔΙ.
377 1843 592 1911 ἐπίσχες
617 1837 784 1912 ὀργὰς
808 1836 959 1896 αἷσιν
985 1837 1088 1896 οὐκ
1114 1837 1302 1913 ὀρθῶς
1327 1841 1504 1912 φέρει,

381 1925 756 1996 Θεοκλύμενε,
785 1931 946 1995 γαίας
976 1927 1138 1998 τῆσδ’
1173 1928 1335 1995 ἄναξ·
1373 1929 1551 1984 δισσοὶ
1583 1927 1647 1985 δέ
1679 1946 1740 1984 σε

376 2009 680 2081 Διόσκοροι
704 2016 1010 2081 καλοῦμεν,
1037 2006 1132 2073 οὓς
1155 2008 1311 2079 Λήδα
1337 2007 1469 2064 ποτὲ

382 2101 593 2151 ἔτικτεν
614 2092 840 2166 Ἑλένην
864 2092 949 2165 θ’,
977 2091 1012 2165 ἣ
1038 2096 1285 2165 πέφευγε
1313 2092 1444 2158 σοὺς
1471 2091 1701 2163 δόμους·
1748 2104 1854 2149 1645

379 2177 446 2236 οῦ
471 2179 578 2252 γὰρ
604 2181 1049 2251 πεπρωμένοισιν
1075 2176 1279 2249 ὀργίζει
1307 2178 1515 2249 γάμοις,

380 2262 506 2321 οὐδ’
534 2263 566 2336 ἡ
593 2271 730 2330 θεᾶς
752 2270 1017 2337 Νηρῇδος
1043 2269 1269 2334 ἔκγονος
1294 2263 1431 2335 κόρη

380 2347 567 2406 ἀδικεῖ
586 2348 639 2406 σ’
672 2347 887 2421 ἀδελφὴ
916 2349 1124 2419 Θεονόη
1151 2347 1215 2404 τὰ
1239 2354 1351 2404 τῶν
1375 2353 1529 2404 θεῶν

379 2441 589 2506 τιμῶσα
612 2435 815 2508 πατρός
837 2433 887 2490 τ’
915 2437 1170 2498 ἐνδίκους
1196 2433 1496 2497 ἐπιστολάς.

382 2526 458 2585 εἰς
482 2520 583 2591 μὲν
608 2518 712 2593 γὰρ
739 2517 825 2576 ἀεὶ
847 2519 944 2576 τὸν
968 2520 1214 2591 παρόντα
1237 2524 1346 2574 νῦν
1370 2517 1574 2590 χρόνον
1747 2529 1858 2573 1650

380 2611 574 2677 κείνην
597 2618 876 2662 κατοικεῖν
900 2617 1080 2661 σοῖσιν
1104 2608 1165 2660 ἐν
1192 2604 1381 2675 δόμοις
1408 2606 1599 2674 ἐχρῆν·

381 2692 499 2746 ἐπεὶ
525 2691 586 2746 δὲ
617 2696 815 2757 Τροίας
838 2689 1174 2760 ἐξανεστάθη
1198 2689 1404 2760 βάθρα,

379 2778 472 2830 καὶ
496 2788 607 2839 τοῖς
630 2784 784 2840 θεοῖς
810 2777 1044 2847 παρέσχε
1067 2771 1316 2845 τοῦνομ’,
1342 2770 1553 2828 οὐκέτι·

381 2862 441 2914 ἐν
487 2872 662 2915 τοῖσιν
709 2857 879 2930 αὐτῆς
907 2865 996 2915 δεῖ
1014 2883 1107 2915 νιν
1131 2862 1386 2930 ἐζεῦχθαι
1412 2857 1603 2929 γάμοις
