2022 3126
201 97 266 146 26

178 2705 298 2752 XO.

185 2874 299 2925 ΦΕ.

842 91 1211 138 ΑΛΚΗΣΤΙΣ

391 260 496 293 ουκ
519 236 796 308 ἠθέλησας
820 231 945 289 οὐδ’
975 233 1273 304 ἐτόλμησας
1297 241 1498 288 θανεῖν

389 328 487 376 τοῦ
513 327 616 375 σοῦ
641 318 747 389 πρὸ
774 317 994 387 παιδός,
1022 316 1160 373 ἀλλὰ
1183 315 1339 389 τήνδ’
1373 315 1588 373 εἰάσατε
1781 330 1862 374 645

393 401 604 477 γυναῖκ’
639 402 900 471 ὀθνείαν,
933 400 1004 473 ἢν
1033 402 1138 472 ἐγω
1165 405 1257 458 καὶ
1282 405 1487 474 μητέρα

389 491 597 562 πατέρα
621 487 669 543 τ’
701 485 769 543 ἂν
795 492 1026 552 ἐνδίκως
1051 484 1120 542 ἂν
1151 485 1384 558 ἡγοίμην
1409 491 1544 558 ἐμοί.

387 582 566 631 καίτοι
594 573 766 628 καλόν
790 570 832 643 γ’
864 569 933 628 ἂν
957 570 1108 628 τόνδ’
1140 569 1303 642 ἀγῶν’
1333 569 1588 643 ἠγωνίσω

391 666 487 716 τοῦ
515 665 616 714 σοῦ
642 657 749 729 πρὸ
776 657 972 722 παιδὸς
997 657 1322 726 κατθανών,
1351 656 1559 727 βραχὺς
1586 659 1650 711 δέ
1671 675 1755 712 σοι

388 745 606 808 πάντως
631 741 659 799 6
687 742 878 808 λοιπὸς
902 766 972 813 ην
997 742 1263 813 βιωσιμος
1294 742 1507 813 χρόνος.
1781 756 1864 798 650

387 829 558 901 [κάγώ
579 827 624 883 τ’
649 825 718 883 ἂν
745 834 880 895 ἔζων
904 825 1037 898 χῆδε
1063 826 1161 882 τὸν
1185 825 1383 882 λοιπὸν
1411 828 1633 899 χρόνον,

388 913 527 971 κούκ
554 909 623 969 ἂν
646 913 926 985 μονωθεὶς
951 918 1175 968 ἔστενον
1206 924 1397 976 κακοῖς
1423 915 1608 983 ἐμοῖς]

386 1002 479 1056 καὶ
501 998 612 1072 μὴν
637 996 720 1054 οσ’
754 996 932 1068 ἄνδρα
956 997 1059 1069 χρὴ
1087 1006 1295 1054 παθεῖν
1325 994 1630 1067 εὐδαίμονα

385 1087 695 1149 πέπονθας·
730 1080 941 1155 ἣβησας
965 1107 1066 1154 μεν
1097 1086 1157 1138 ἐν
1180 1086 1493 1155 τυραννίδι,

385 1183 512 1235 παῖς
537 1168 588 1225 δ’
617 1170 687 1239 ἡν
712 1169 819 1239 ἐγώ
845 1187 932 1224 σοι
957 1173 1136 1224 τωνδε
1162 1169 1417 1238 διάδοχος
1441 1168 1646 1238 δόμων,
1779 1180 1860 1223 655

386 1251 506 1310 ὥστ’
536 1252 638 1310 οὐκ
664 1251 890 1318 άτεκνος
914 1252 1215 1309 κατθανων
1240 1251 1427 1318 άλλοις
1451 1253 1624 1323 δόμον

382 1345 597 1404 λείψειν
625 1345 845 1409 ἔμελλες
870 1335 1123 1410 ὀρφανὸν
1149 1338 1464 1409 διαρπάσαι.

385 1422 452 1481 οὐ
477 1423 587 1496 μὴν
611 1427 752 1494 ἐρεῖς
776 1426 842 1495 γέ
870 1421 917 1495 μ’
948 1420 1020 1488 ὦς
1047 1422 1321 1495 ἀτιμάζων
1360 1422 1419 1478 τὸ
1445 1426 1547 1478 σὸν

384 1515 555 1581 γῆρας
577 1518 779 1565 θανεῖν
804 1509 1108 1580 προύδωκά
1132 1506 1203 1579 σ’,
1232 1506 1380 1574 ὅστις
1407 1507 1698 1578 αἰδόφρων

380 1594 518 1664 πρὸς
551 1592 601 1649 σ’
648 1586 681 1662 ἦ
715 1594 975 1666 μάλιστα,
1002 1592 1162 1649 κάντὶ
1186 1596 1368 1650 τῶνδέ
1387 1617 1479 1665 μοι
1502 1592 1664 1664 χάριν
1778 1606 1860 1649 660

381 1680 603 1736 τοιάνδε
627 1681 721 1734 καὶ
745 1677 815 1735 σὺ
839 1676 906 1750 χὴ
932 1678 1154 1735 τεκοῦσ’
1178 1680 1501 1747 ἠλλαξάτην.

377 1763 570 1837 τοιγὰρ
597 1765 862 1836 φυτεύων
891 1769 1091 1830 παῖδας
1117 1762 1291 1821 οὐκέτ’
1323 1761 1394 1820 ἂν
1426 1764 1686 1836 φθάνοις,

381 1856 436 1905 οἳ
456 1850 938 1921 γηροβοσκήσουσι
963 1852 1055 1905 καὶ
1079 1850 1329 1906 θανόντα
1358 1869 1420 1904 σε

378 1941 765 2004 περιστελοῦσι
790 1936 882 1990 καὶ
907 1935 1288 2006 προθήσονται
1311 1934 1530 2003 νεκρόν.

379 2018 446 2074 οὐ
475 2020 578 2092 γάρ
604 2017 658 2075 σ’
689 2026 863 2090 ἔγωγε
890 2017 1010 2092 τῇδ’
1042 2023 1141 2093 ἐμῇ
1174 2020 1342 2085 θάψω
1372 2025 1518 2090 χερί·
1772 2032 1853 2075 665

377 2106 623 2176 τέθνηκα
648 2103 753 2176 γὰρ
779 2103 848 2175 δὴ
874 2102 1040 2160 τούπὶ
1064 2103 1116 2160 σ’
1135 2124 1146 2133 ·
1176 2111 1226 2161 εί
1249 2109 1281 2160 δ
1290 2102 1304 2122 '
1341 2102 1513 2160 ἄλλον
1539 2101 1721 2173 τυχών

377 2195 619 2261 σωτῆρος
643 2188 820 2260 αὐγὰς
846 2195 1072 2261 εἰσορῶ,
1100 2196 1291 2246 κείνου
1318 2193 1459 2261 λέγω

375 2277 468 2330 καὶ
495 2275 666 2331 παῖδά
691 2271 739 2345 μ’
776 2274 917 2330 εἶναι
941 2277 1033 2330 καὶ
1058 2281 1225 2347 φίλον
1250 2274 1617 2346 γηροτρόφον.

373 2359 550 2431 μάτην
575 2357 655 2430 ἄρ’
689 2383 740 2415 οι
765 2363 1022 2431 γέροντες
1046 2358 1301 2432 εύχονται
1326 2369 1545 2428 θανεῖν,

375 2449 547 2544 νῆρας
570 2447 833 2516 ψέγοντες
858 2447 951 2500 καὶ
975 2445 1191 2517 μακρὸν
1213 2445 1416 2516 χρόνον
1447 2450 1603 2516 βίου·
1770 2455 1853 2500 670

375 2527 444 2598 ἢν
470 2527 521 2584 δ’
552 2529 717 2601 ἐγγυς
742 2535 883 2602 ἔλθῃ
907 2531 1178 2601 θάνατος,
1213 2528 1398 2595 ουδεὶς
1423 2530 1683 2601 βούλεται

374 2613 674 2685 θνήσκειν,
703 2612 762 2668 τὸ
790 2620 962 2686 γῆρας
989 2612 1041 2670 δ’
1075 2612 1251 2671 ουκέτ’
1279 2613 1381 2670 ἔστ’
1410 2612 1598 2679 αυτοῖς
1621 2613 1783 2685 βαρύ.

377 2696 674 2769 παύσασθ’,
703 2696 823 2764 ἅλις
849 2700 955 2771 γὰρ
980 2697 1013 2772 ἡ
1040 2718 1292 2771 παρουσα
1317 2700 1596 2772 συμφορά,

377 2777 442 2849 [ω
469 2795 585 2837 παῖ·
592 2793 608 2846 ]
641 2784 847 2851 πατρὸς
875 2784 934 2837 δε
961 2784 1034 2854 μὴ
1065 2786 1377 2857 παροξύνῃς
1407 2788 1628 2853 φρένας.

375 2890 416 2923 ω
442 2881 568 2935 παῖ,
597 2865 697 2923 τίν’
728 2864 941 2937 αυχεῖς,
972 2869 1178 2936 πότερα
1203 2866 1447 2926 Λυδὸν
1422 2869 1458 2941 ἠ
1481 2869 1678 2940 Φρυγα
1764 2881 1847 2925 675
