2022 3126
589 107 672 148 DE
702 105 1012 147 EVRIPIDIS
1043 106 1295 147 INGENIO
1540 105 1756 146 XXXVII

128 240 270 283 natus
309 239 395 288 est,
433 230 604 279 foedus
642 245 753 279 cum
779 231 967 292 Argivis
1003 230 1273 278 ineundum
1311 228 1754 293 commendavit72).

129 304 337 366 denique
375 302 520 349 etiam
558 300 617 347 ad
655 315 735 348 res
774 300 1067 348 domesticas
1112 300 1448 362 privatamque
1493 303 1638 348 vitam
1678 301 1758 349 de-

127 372 335 422 scendit:
389 369 593 418 athletas
639 377 687 416 et
732 369 1002 433 palaestrae
1060 369 1435 418 exercitationes
1490 371 1756 433 impugnat,

128 448 298 490 cantus
336 446 383 488 et
419 439 715 488 chordarum
752 454 899 487 sonos
936 438 997 486 ab
1044 437 1200 501 epulis
1239 445 1287 486 et
1324 438 1554 486 conviviis
1593 440 1761 488 abesse

126 506 322 572 vult⁷3):
361 510 586 572 inprimis
622 524 738 557 vero
776 508 1008 557 mulieres
1055 514 1287 571 tanquam
1325 508 1536 556 nefarias
1575 516 1621 556 et
1658 524 1762 557 sce-

125 580 284 628 lerum
323 578 655 642 quorumlibet
691 579 1066 627 machinatrices
1103 580 1368 626 insectatus
1406 573 1577 641 estu),
1627 580 1763 626 cuius

127 649 225 697 odii
263 664 386 713 quae
424 663 600 697 causae
636 649 836 705 fuerint,
874 649 1117 711 suspicari
1154 648 1307 710 magis
1344 647 1460 695 licet
1497 662 1641 711 quam
1680 648 1762 695 de-

126 734 238 768 mon
246 725 403 767 strare
415 715 492 781 ⁷5).

232 788 399 838 Oratio
436 803 532 851 qua
567 788 825 853 Euripides
862 789 1029 844 utitur,
1069 794 1124 837 ut
1160 787 1219 836 ab
1247 786 1499 852 Aeschylei
1540 786 1765 836 cothurni

124 859 486 921 ‚magnificentia
525 864 574 907 et
611 857 671 907 ab
709 860 963 921 ingenioso
1003 857 1261 920 Sophoclis
1306 858 1510 907 artificio
1549 856 1765 921 aliquan-

130 935 230 977 tum
280 929 551 991 discrepat,
602 929 668 976 ita
716 930 917 993 propius
976 928 1165 977 accedit
1211 928 1271 977 ad
1322 934 1576 976 venustam
1623 929 1767 977 Attici

127 999 366 1046 sermonis
414 999 702 1060 elegantiam
743 1005 791 1046 et
837 997 1182 1047 urbanitatem.
1256 999 1306 1046 in
1346 1012 1440 1062 qua
1486 998 1763 1061 principum

127 1068 427 1129 tragicorum
485 1068 766 1117 diversitate
820 1074 920 1117 tam
976 1074 1252 1132 temporum
1309 1066 1486 1132 quibus
1546 1067 1765 1116 vixerunt

129 1137 469 1186 condicionem
518 1152 661 1200 quam
711 1138 1011 1200 peculiarem
1068 1139 1304 1199 cuiusque
1354 1143 1576 1186 naturam
1627 1137 1766 1185 facile

129 1208 400 1269 agnoveris.
475 1207 653 1257 abiecit
709 1208 970 1271 Euripides
1027 1206 1266 1271 ampullas
1316 1213 1364 1256 et
1410 1207 1765 1272 sesquipedalia

129 1277 301 1325 verba:
341 1277 613 1326 orationem
653 1278 839 1326 effinxit
866 1279 1061 1341 egregie
1099 1283 1434 1341 temperatam,
1478 1293 1603 1341 quae
1640 1278 1766 1325 inter

237 1444 309 1496 72)
341 1444 526 1496 Argixris
558 1446 728 1485 amicos
752 1444 918 1485 debere
950 1444 1257 1484 Athenienses
1291 1455 1394 1484 esse
1417 1444 1547 1484 docet
1577 1444 1765 1486 Her.acl

130 1501 211 1540 310
241 1512 354 1552 sqq„
385 1499 442 1540 de
475 1500 715 1562 Spartanis
745 1500 850 1540 vide
882 1495 1403 1565 811ρρ1.187εΣπα’ρτη
1435 1495 1521 1564 μὲν
1552 1493 1654 1564 ω’μὴ
1687 1497 1768 1541 καὶ

131 1556 433 1596 πεποίκιλται
465 1549 689 1605 τρόπους,
722 1560 858 1618 atque
888 1556 1026 1598 Andr
1059 1558 1163 1596 445.
1196 1545 1230 1595 ὦ
1260 1554 1408 1595 πᾶσιν
1440 1548 1768 1622 ἀνθρώποισιν

131 1607 346 1663 ἔχθιστοι
384 1609 584 1663 βροτῶν,
631 1604 858 1664 Σπάρτης
897 1607 1098 1664 ἔνοικοι,
1146 1605 1285 1651 δόλια
1329 1609 1644 1664 βουλευτήρια
1675 1605 1768 1654 κτὲ.

129 1666 504 1714 Andromacham,
536 1671 587 1706 ut
609 1667 661 1708 G.
683 1668 936 1707 Hermanni
958 1642 1120 1720 (prae'f.
1141 1667 1279 1708 Andr.
1301 1680 1343 1718 p.
1366 1663 1452 1719 XI)
1475 1669 1626 1707 verbis
1647 1671 1766 1717 utar,

130 1723 206 1762 vix
228 1722 427 1762 dubitari
458 1726 611 1775 potest
632 1724 742 1774 quin
764 1720 870 1763 odio
892 1722 1360 1763 Lacedaemoniorum
1382 1723 1618 1775 scripserit
1641 1724 1769 1763 Euri·

128 1777 281 1830 pides,
322 1778 452 1818 cuius
489 1777 558 1818 rei
597 1791 697 1818 cum
736 1779 1059 1831 apertissimae
1091 1778 1453 1829 vituperationes
1492 1783 1587 1819 tum
1624 1792 1768 1820 mores

129 1836 275 1874 testes
304 1837 411 1874 sunt
440 1834 717 1874 Hermionae
750 1840 796 1874 et
824 1834 1042 1874 Menelai.
1100 1846 1154 1873 ex
1184 1835 1242 1873 iis
1276 1846 1394 1886 quae
1425 1847 1564 1887 supra
1596 1839 1692 1875 not.
1715 1837 1767 1875 21

130 1889 366 1930 attulimus
388 1893 582 1943 apparet
603 1891 738 1943 Argis
767 1890 889 1931 hane
910 1890 1116 1930 fabulam
1139 1902 1336 1931 scaenae
1361 1892 1646 1932 commissam
1669 1903 1770 1931 esse

129 1959 182 1985 eo
213 1945 417 1992 consilio,
448 1949 500 1985 ut
519 1945 680 1998 Argivi
703 1946 922 1987 adversus
945 1947 1199 2009 Spartanos
1221 1951 1521 1988 armarentur.
1576 1953 1622 1988 et
1644 1951 1768 1987 recte

128 2001 218 2041 iam
247 2001 329 2040 alii
358 2001 557 2042 Menelai
586 2003 754 2067 vmbis,
788 1998 885 2043 ἔστι
914 1997 1003 2065 γάρ
1033 2015 1104 2048 τις
1126 1994 1182 2042 οὗ
1203 1995 1362 2052 πρόσω
1385 1995 1610 2056 Σπάρτης
1631 1999 1769 2050 πόλις

128 2071 223 2108 τις,
255 2050 287 2107 ἣ
316 2050 407 2107 πρὸ
438 2055 524 2098 τοῦ
554 2052 644 2110 μὲν
673 2048 733 2110 ἦν
754 2056 897 2111 φίλη,
930 2056 1019 2099 νῦν
1051 2051 1100 2098 δ’
1123 2053 1278 2111 ἐχθροὶ
1299 2060 1434 2099 ποιεῖ
1449 2057 1591 2112 (733),
1624 2060 1768 2113 Argos

129 2112 382 2166 significari
412 2114 722 2154 coniecerunt.

239 2166 316 2222 ⁷3)
347 2168 486 2210 Andr.
519 2171 624 2211 599.
671 2165 878 2223 δρόμους
913 2169 1208 2222 παλαίστρας
1253 2161 1299 2210 τ’
1346 2182 1433 2211 ουκ
1472 2162 1768 2236 οἷνασχετοῦς

129 2217 259 2276 ἐμοί,
288 2225 468 2288 quicum
498 2226 557 2265 cf.
588 2226 641 2266 fr.
672 2227 768 2266 284.
797 2226 917 2269 Med.
952 2228 1052 2267 190:
1092 2219 1285 2288 σκαιοὺς
1327 2222 1381 2267 δε
1413 2222 1559 2279 λέγων
1589 2219 1767 2267 κούδέν

128 2294 172 2319 τι
218 2274 399 2348 σοφοὺς
442 2277 553 2327 τοὺς
596 2273 785 2333 πρόσθε
810 2279 1026 2349 βροτοὺς
1066 2276 1154 2322 οὐκ
1194 2295 1255 2321 αν
1288 2274 1546 2351 ἁμάρτοις,
1593 2281 1767 2328 οἵτινες

127 2349 307 2399 υμνους
338 2329 418 2377 ἐπὶ
449 2331 538 2387 μὲν
568 2336 770 2384 θαλίαις
802 2330 885 2378 ἐπί
909 2333 954 2378 τ’
980 2335 1250 2384 εἰλαπίναις
1271 2334 1356 2378 καὶ
1386 2351 1515 2390 παρα
1549 2337 1766 2384 δείπνοις

127 2383 333 2443 ηὕροντο
364 2390 473 2443 βίου
503 2405 708 2445 τερπνας
741 2386 892 2439 ακοοὶς
923 2387 1017 2435 uta.

238 2449 310 2497 74)
335 2448 426 2487 Rei
464 2451 608 2489 testes
640 2449 844 2501 singulas
884 2449 982 2489 fere
1021 2449 1164 2490 habes
1203 2449 1483 2501 tragoedias.
1545 2449 1674 2500 vide,
1716 2454 1766 2489 ut

127 2514 276 2554 pauca
316 2502 591 2556 delibemus,
637 2505 693 2544 fr.
725 2506 807 2546 432
841 2507 949 2546 1045
978 2505 1098 2545 Med.
1127 2507 1233 2554 406,
1280 2506 1444 2558 quibus
1482 2505 1601 2545 adde
1642 2506 1784 2558 pium.

128 2557 400 2598 desiderium
430 2560 570 2612 Hipp.
601 2562 747 2601 616-
757 2562 812 2601 24
844 2562 1117 2613 expositum.

239 2613 309 2667 75)
359 2614 608 2668 Corruptos
657 2617 801 2657 fuisse
850 2617 1088 2656 mulierum
1130 2616 1385 2657 Atticarum
1433 2630 1580 2657 mores
1631 2616 1766 2657 docet

127 2667 457 2734 Aristophanes
498 2684 597 2711 cum
636 2673 751 2713 alibi
788 2676 882 2712 tum
920 2674 968 2712 in
1005 2672 1514 2725 Thesmophoriazusis:
1553 2672 1636 2712 sed
1675 2672 1763 2723 pri-

128 2725 316 2765 mariam
337 2739 536 2777 causam,
568 2740 648 2768 cur
666 2728 906 2768 mulierum
928 2741 1030 2769 osor
1060 2728 1306 2781 Euripides
1339 2729 1494 2778 fuerit,
1529 2741 1584 2768 ex
1614 2729 1763 2778 ipsius

129 2783 292 2830 poetae
321 2782 510 2834 ingenio
542 2795 699 2824 severo
723 2789 768 2824 et
798 2797 976 2825 moroso
996 2784 1295 2837 repetendam
1317 2784 1526 2825 arbitror.
1577 2783 1761 2823 minime

130 2833 369 2876 credibilia
399 2838 616 2879 videntur
646 2852 761 2891 quae
795 2839 852 2879 de
884 2840 1138 2881 Choerinae
1169 2839 1360 2892 perfidia
1394 2845 1440 2880 et
1469 2839 1762 2890 impudicitia

129 2893 310 2930 veteres
340 2895 581 2933 commenti
612 2899 732 2935 sunt.
