2022 3126
27 270 41 281 '
59 289 170 338 EA.

59 372 275 422 ΘΕΟΚ.

58 457 166 505 EA.

781 142 1032 189 EAENH
1612 141 1712 191 229

307 274 476 346 αὖθις
499 282 791 351 κέλευσον,
818 285 908 335 ἵνα
932 286 1121 350 σαφῶς
1144 282 1371 350 μάθωσί
1389 300 1505 337 σου.

304 359 473 430 αὖθις
497 364 705 421 κελεύω
729 366 822 419 καὶ
846 370 1031 433 τρίτον
1054 362 1128 435 γ’,
1157 375 1211 420 εἴ
1229 384 1316 420 σοι
1346 371 1528 436 φίλον.

306 447 488 519 ὄναιο,
519 447 671 521 κάγῶ
698 455 808 504 τῶν
832 452 978 519 ἐμῶν
1002 450 1399 520 βουλευμάτων

60 541 272 590 ΘΕΟΚ.
302 534 374 606 μὴ
399 542 507 589 νῦν
532 531 674 604 ἄγαν
701 533 801 589 σὸν
827 533 1098 603 δάκρυσιν
1124 534 1343 607 ἐκτήξῃς
1366 535 1516 607 χρόα.

59 625 167 673 ΕΛ.

304 617 394 689 ἥδ’
422 615 595 690 ἡμέρα
618 636 704 673 σοι
727 616 828 689 τὴν
854 616 988 688 ἐμὴν
1013 620 1178 684 δείξει
1203 619 1380 690 χάριν.
1608 635 1716 681 142ss

59 710 268 758 ΘΕΟΚ.
302 702 366 758 τὰ
390 709 502 758 τῶν
530 703 824 758 θανόντων
848 699 1015 758 οὐδέν
1033 746 1046 772 ‚
1074 699 1194 757 ἀλλ’
1227 700 1403 768 ἄλλως
1427 703 1608 770 πόνος.

60 794 169 842 EA.

57 879 270 927 ΘΕΟΚ.

55 963 164 1010 EA.

58 1047 150 1096 ΘΕ
157 1048 270 1096 OK.

57 1132 164 1180 EA.

310 794 459 844 ἔστιν
482 811 533 842 τι
558 785 719 842 κάκεῖ
738 784 976 842 κάνθάδ’
1007 779 1086 842 ῶν
1111 786 1216 858 ἐγώ
1242 791 1400 859 λέγω.

304 871 472 928 οὐδὲν
495 878 668 927 κακίω
692 872 958 927 Μενέλεώ
982 869 1041 942 μ’
1069 873 1204 937 ἕξεις
1232 872 1410 927 πόσιν.

305 954 473 1012 οὐδὲν
497 955 568 1011 σύ
594 956 834 1028 μεμπτός
850 975 860 985 ·
886 962 980 1027 τῆς
1003 957 1167 1027 τύχης
1191 979 1257 1027 με
1282 962 1371 1012 δεῖ
1394 957 1580 1028 μόνον.

305 1044 364 1097 ἐν
394 1043 480 1097 σοὶ
505 1039 644 1110 τόδ’,
672 1037 742 1112 ἢν
765 1039 870 1112 σὴν
895 1047 971 1106 εἰς
997 1038 1082 1112 ἔμ’
1115 1038 1342 1097 εὔνοιαν
1366 1047 1550 1116 διδῷς.
1611 1057 1716 1099 1425

305 1123 373 1180 οὐ
400 1131 509 1180 νῦν
534 1126 907 1196 διδαξόμεσθα
930 1125 1059 1191 τοὺς
1085 1133 1282 1195 φίλους
1307 1134 1508 1197 φιλεῖν.

58 1216 270 1265 ΘΕΟΚ.
301 1209 492 1281 βούλει
516 1212 801 1282 ξυνεργῶν
826 1208 992 1275 αὐτὸς
1020 1214 1278 1281 ἐκπέμψω
1300 1212 1532 1278 στόλους

56 1301 165 1349 EA.

59 1385 270 1434 ΘΕΟΚ.

62 2398 184 2447 ME.

303 1292 523 1365 ἥκιστα·
549 1294 622 1366 μὴ
648 1295 883 1351 δούλευε
908 1308 1024 1360 σοῖς
1050 1296 1286 1364 δούλοις,
1314 1293 1463 1362 ἄναξ.

304 1376 424 1434 ἀλλ’
453 1379 536 1434 εἶα
555 1399 566 1408 ·
597 1379 726 1444 τούς
750 1380 851 1450 μὲν
873 1384 1207 1435 Πελοπιδῶν
1231 1383 1301 1434 ἐῶ
1326 1380 1553 1451 νόμους·

309 1463 531 1535 καθαρὰ
557 1463 660 1536 γὰρ
687 1463 818 1535 ἡμῖν
844 1461 1050 1535 δώματ’
1070 1482 1080 1492 ·
1110 1461 1176 1519 οῦ
1202 1462 1306 1535 γὰρ
1333 1465 1538 1520 ἐνθάδε
1609 1480 1716 1522 1430

310 1547 494 1619 ψυχὴν
519 1546 700 1620 ἀφῆκε
725 1552 1045 1613 Μενέλεως
1074 1557 1169 1604 ἴτω
1196 1551 1261 1604 δέ
1280 1571 1361 1613 τις

312 1633 543 1704 φράσων
571 1631 839 1704 ὑπάρχοις
861 1646 975 1699 τοῖς
999 1637 1145 1704 ἐμοῖς
1171 1635 1365 1704 φέρειν
1388 1633 1581 1704 γάμων

310 1715 578 1789 ἀγάλματ’
608 1727 794 1783 οἴκους
818 1724 895 1783 εἰς
918 1718 1109 1789 ἐμούς·
1143 1724 1323 1773 πᾶσαν
1350 1718 1411 1773 δὲ
1434 1716 1536 1790 χρὴ

309 1815 472 1873 γαῖαν
498 1808 737 1873 βοᾶσθαι
760 1809 1052 1874 μακαρίαις
1076 1799 1382 1877 ὑμνῳδίαις

309 1884 574 1956 ὑμέναιον
597 1885 813 1959 Ἑλένης
836 1885 1040 1958 κάμόν,
1069 1884 1141 1952 ῶς
1166 1885 1400 1959 ζηλωτὸς
1423 1880 1717 1960 ᾗ.1435

310 1970 380 2026 σύ
413 1969 467 2025 δ’
498 1964 542 2026 ῶ
571 1970 680 2038 ξέν’
711 1973 920 2041 ἐλθών,
950 1979 1247 2043 πελαγίους
1272 1974 1325 2036 ἐς
1353 1969 1593 2043 ἀγκάλας

306 2062 380 2129 τῷ
406 2061 570 2126 τῆσδε
595 2062 728 2127 πρίν
753 2054 873 2112 ποτ’
904 2054 1021 2112 ὄντι
1046 2055 1181 2120 δοὺς
1205 2056 1364 2112 πόσει
1388 2057 1536 2127 τάδε,

307 2141 474 2195 πάλιν
498 2139 634 2213 πρὸς
669 2150 855 2207 οἴκους
877 2139 1076 2197 σπεῦδ’
1106 2140 1241 2212 ἐμὴν
1267 2139 1499 2212 δάμαρτ’
1534 2148 1688 2213 ἔχων,

309 2221 380 2288 ῶς
408 2224 538 2290 τοὺς
560 2225 770 2296 γάμους
793 2226 922 2291 τοὺς
945 2231 1110 2297 τῆσδε
1134 2230 1436 2290 συνδαίσας
1460 2228 1578 2297 ἐμοὶ

307 2311 501 2382 στέλλῃ
527 2308 663 2381 πρὸς
687 2319 875 2376 οἴκους
898 2306 933 2382 ἢ
958 2312 1141 2382 μένων
1168 2308 1516 2382 εὐδαιμονῇς.
1606 2326 1715 2366 1440

315 2385 358 2447 ῶ
380 2400 492 2448 Ζεῦ
508 2437 522 2464 ‚
549 2395 723 2466 πατήρ
748 2418 806 2450 τε
830 2397 923 2450 καὶ
947 2394 1120 2465 σοφὸς
1145 2394 1325 2467 κλῄζει
1350 2395 1498 2465 θεός,

309 2480 517 2547 βλέψον
542 2477 678 2549 πρὸς
702 2477 840 2550 ἡμᾶς
864 2482 955 2535 καὶ
979 2479 1317 2551 μετάστησον
1341 2485 1545 2535 κακῶν.

309 2564 530 2618 ἕλκουσι
558 2568 590 2618 δ
597 2561 610 2580 ’
638 2561 770 2636 ἡμῖν
794 2563 930 2635 πρὸς
958 2566 1123 2628 λέπας
1146 2562 1241 2628 τὰς
1263 2563 1555 2636 συμφορὰς

311 2651 528 2720 σπουδῇ
553 2648 823 2714 σύναψαι·
860 2645 965 2703 κᾶν
990 2645 1132 2720 ἄκρα
1155 2654 1321 2720 θίγῃς
1344 2654 1481 2721 χερί,

309 2727 510 2801 ἥξομεν
535 2729 609 2786 ἵν’
637 2736 826 2788 ἐλθεῖν
851 2733 1207 2803 βουλόμεσθα
1230 2739 1324 2803 τῆς
1347 2733 1528 2803 τύχης.
1602 2746 1711 2788 1445

312 2811 430 2879 ἅλις
455 2815 515 2870 δὲ
531 2816 757 2887 μόχθων
783 2814 879 2882 οὓς
903 2820 1251 2888 ἐμοχθοῦμεν
1275 2817 1464 2888 πάρος.

315 2902 589 2970 κέκλησθέ
607 2924 724 2971 μοι,
750 2907 903 2970 θεοί,
931 2899 1106 2956 πολλὰ
1128 2890 1319 2973 χρήσθ’
1337 2895 1475 2972 ὁμοῦ
1503 2900 1696 2956 κλύειν
