2022 3126
255 90 357 141 338

260 1341 381 1392 ME.

663 94 1005 139 ΗΡΑΚΛΗΣ
1032 94 1542 140 ΜΑΙΝΟΜΕΝΟΣ

449 232 588 302 δόρυ
613 229 650 285 τ’
682 237 919 287 ἔπαλλον
944 235 1003 287 ἐν
1028 237 1193 304 αἰχμᾷ

448 321 741 388 Καδμείων
767 339 824 371 τε
851 317 1101 387 σύνηβοι,

444 404 658 457 τέκεσιν
681 397 749 455 ‹321›
773 403 1049 473 παρέσταν

443 483 607 559 ἀλκᾷ·
636 491 743 540 νῦν
769 490 802 540 δ
810 483 822 504 ’
853 483 1218 556 ἀπολείπομαι
1833 500 1917 542 440

443 576 537 635 τᾶς
564 568 892 641 εὐδαίμονος
917 568 1069 641 ἥβας.

441 653 560 710 ἀλλ’
592 659 765 724 ἐσορῶ
791 654 895 726 γὰρ
922 655 1119 710 τούσδε
1143 655 1438 724 φθιμένων

444 738 620 796 ἔνδυτ’
652 746 898 811 ἔχοντας,
926 737 1055 804 τοὺς
1077 745 1176 795 τοῦ
1201 739 1443 810 μεγάλου

442 830 493 892 [δ
498 849 527 896 η
551 848 681 881 ποτε
704 830 918 892 παῖδας]
946 823 1005 880 τὸ
1031 826 1164 895 πρὶν
1181 821 1538 894 “Ηρακλεόυς,

442 907 644 981 ἄλοχον
668 933 726 965 τε
751 916 922 981 φίλην
947 907 1340 981 ὑποσειραίους
1833 924 1916 966 445

440 997 604 1051 ποσὶν
631 998 901 1051 ἕλκουσαν
931 997 1095 1050 τέκνα
1119 995 1211 1048 καὶ
1238 993 1465 1064 γεραιὸν

443 1077 623 1150 πατέρ’
646 1078 994 1148 (Ηρακλέους.
1022 1080 1290 1149 δύστηνος
1315 1078 1448 1149 ἐγω.

443 1165 705 1235 δακρύων
732 1162 804 1228 ὡς
831 1162 898 1219 οὐ
925 1165 1166 1234 δύναμαι
1191 1165 1438 1233 κατέχειν

443 1256 638 1321 γραιάς
664 1247 847 1304 ὅσσων
873 1255 950 1304 ε”τι
975 1249 1165 1320 πηγάς.
1833 1264 1915 1305 450

440 1334 576 1390 εἷεν·
614 1340 694 1398 τίς
723 1334 931 1403 ἱερεύς,
956 1340 1037 1398 τίς
1062 1332 1309 1404 σφαγεὺς
1333 1339 1445 1389 τῶν
1469 1333 1803 1431 δυσπότμων

441 1443 474 1523 η
502 1425 595 1490 τῆς
623 1425 883 1490 ταλαίνης
907 1425 999 1490 τῆς
1025 1421 1154 1490 ἐμῆς
1177 1424 1354 1489 ψυχῆς
1379 1419 1619 1489 φονεύς·
1607 1462 1620 1485 ,

443 1501 603 1575 ἕτοιμ’
633 1527 788 1575 αγειν
813 1528 877 1559 τα
901 1502 1097 1575 θύματ’
1128 1509 1202 1568 εἰς
1212 1500 1406 1559 Ἀιδου
1432 1504 1578 1559 ταδε.

443 1613 484 1644 ω
510 1586 669 1659 τέκν’
718 1590 969 1660 α’γόμεθα
1008 1595 1198 1660 ζεῦγος
1223 1613 1290 1644 ου
1316 1588 1488 1644 καλὸν
1510 1596 1742 1659 νεκρῶν.

445 1672 584 1760 ὁμοῦ
613 1676 868 1745 γέροντες
891 1677 983 1730 καὶ
1006 1677 1121 1730 νέοι
1146 1675 1239 1729 καὶ
1266 1677 1509 1745 μητέρες.
1830 1687 1913 1728 455

449 1761 489 1815 ὠ
518 1772 680 1830 μοῖρα
708 1757 1020 1814 δυσταλαιν’
1070 1758 1168 1829 ἐμή
1197 1781 1253 1813 τε
1289 1761 1380 1814 καὶ
1406 1761 1618 1815 τέκνων

443 1842 631 1914 τωνδᾎ
666 1842 763 1908 οὓς
788 1843 1079 1900 πανύστατ’
1109 1841 1347 1915 όμμασιν
1373 1846 1797 1916 προσδέρκομαι.

447 1937 634 1985 ἔτεκον
659 1931 760 2000 μὲν
785 1927 953 2000 ὑμᾶς,
981 1935 1260 2000 πολεμίοις
1286 1934 1317 1984 δ
1326 1927 1337 1946 ’
1367 1929 1691 2000 ἐθρεψάμην

445 2012 686 2086 ὕβρισμα
711 2012 1024 2085 κάπίχαρμα
1050 2016 1142 2069 καὶ
1166 2014 1502 2084 διαφθοράν.

444 2105 552 2170 φεῦ
569 2117 580 2127 ·

445 2177 480 2255 ἧ
504 2184 645 2240 πολύ
671 2208 737 2256 με
764 2184 924 2254 δόξης
955 2186 1242 2250 ἐξέπαισαν
1273 2186 1505 2252 ἐλπίδες,
1829 2197 1913 2241 460

444 2267 513 2340 ἣν
538 2268 740 2341 πατρὸς
766 2266 924 2340 ὑμῶν
951 2272 1008 2324 ἐκ
1039 2269 1221 2339 λόγων
1246 2265 1359 2323 ποτ’
1386 2266 1607 2339 ἤλπισα.

445 2356 534 2410 σοὶ
557 2354 658 2424 μὲν
681 2351 995 2426 γὰρ”Αργος
1020 2351 1158 2424 ἔνεμ’
1187 2349 1215 2408 ὁ
1240 2352 1539 2408 κατθανὼν
1565 2353 1758 2425 πατήρ,

446 2436 790 2511 Εὐρυσθέως
817 2437 870 2494 δ’
900 2444 1116 2509 ἔμελλες
1143 2438 1387 2508 οἰκήσειν
1412 2438 1617 2508 δόμους

443 2533 537 2594 τῆς
560 2524 940 2594 καλλικαρπου
964 2522 1161 2594 κράτος
1190 2529 1329 2593 ἔχων
1351 2529 1681 2595 Πελασγίας,

445 2609 645 2678 στολήν
669 2632 725 2663 τε
750 2607 926 2680 θηρὸς
950 2606 1267 2680 ἀμφέβαλλε
1291 2627 1366 2663 σω
1393 2608 1534 2680 κάρα
1832 2620 1913 2664 465

445 2694 688 2763 λέοντος.
721 2697 861 2766 ᾗπερ
889 2691 1054 2758 αὐτὸς
1078 2697 1419 2761 εξωπλίζετο·

447 2795 517 2832 συ
545 2774 596 2832 δ’
625 2770 775 2848 ἦσθα
800 2785 1002 2850 Θηβῶν
1025 2801 1136 2833 των
1160 2777 1519 2850 φιλαρμάτων
1545 2775 1695 2846 ἅναξ,

450 2867 689 2933 ἔγκληρα
714 2867 876 2918 πεδία
906 2861 1047 2934 τάμὰ
1070 2869 1168 2934 γῆς
1193 2864 1536 2934 κεκτημένος,
