2022 3126
215 53 282 104 70

215 370 330 418 XO.

217 539 331 588 ME

222 2322 339 2369 AN.

798 54 1256 102 ANAPOMAXH

402 206 514 259 τοῖς
539 193 913 266 Σπαρτιάταις
938 194 1070 260 δόξα
1093 195 1185 249 καὶ
1207 192 1379 265 μάχης
1404 189 1573 263 ἀγών,
1792 207 1874 251 ⁷25

402 276 558 334 τᾶλλ’
588 277 742 343 ὄντες
767 286 883 334 ἴστε
905 277 1141 350 μηδενὸς
1166 283 1459 349 βελτίονες.

401 361 694 436 ἀνειμένον
718 386 768 417 τι
791 369 972 434 χρῆμα
998 367 1327 434 πρεσβυτῶν
1350 366 1508 434 γένος

404 451 497 504 καὶ
523 448 919 519 δυσφύλακτον
948 445 1258 518 ὀξυθυμίας
1281 444 1408 502 ὕπο.

405 557 546 639 αγαν
571 530 869 605 προνωπὴς
893 538 968 596 εἰς
996 531 1056 587 τὸ
1083 536 1362 602 λοιδορεῖν
1387 533 1575 602 φέρει·

406 618 512 688 ἐγώ
539 618 601 674 δε
625 615 761 689 πρὸς
786 623 918 688 βίαν
940 640 1042 687 μεν
1068 622 1144 681 εἰς
1169 623 1357 671 Φθίαν
1381 615 1569 687 μολών
1795 629 1878 674 730

405 700 524 758 οὔτ’
554 704 660 759 οὐν
684 726 735 757 τι
761 702 947 773 δράσω
974 707 1231 773 φλαῦρον
1259 697 1389 756 οὔτε
1413 707 1684 772 πείσομαι.

403 789 496 843 και
520 793 628 843 νῦν
653 789 783 858 μέν,
814 784 882 842 οὐ
917 784 1021 857 γὰρ
1048 783 1308 856 ἄφθονον
1331 783 1579 887 σχολὴν’
1559 792 1681 857 ἐχω,

404 869 592 944 απειμ’
622 876 674 936 ἐς
702 881 915 936 οἴκους·
947 877 1059 927 ἔστι
1079 870 1183 941 γάρ
1208 894 1288 935 τις
1314 867 1381 925 οὗ
1406 870 1595 940 πρόσω

405 958 667 1028 Σπάρτης
692 957 850 1021 πόλις
873 980 977 1026 τις,
1003 953 1039 1026 ἣ
1062 955 1169 1028 πρὸ
1195 961 1294 1010 τοῦ
1321 978 1423 1025 μεν
1449 957 1519 1026 ἠν
1545 962 1697 1027 φίλη,

408 1049 517 1098 νῦν
542 1040 598 1098 δ’
628 1041 801 1112 ἐχθρὰ
827 1054 999 1097 ποιει·
1027 1037 1184 1111 τήνδ’
1214 1043 1532 1106 ἐπεξελθειν
1556 1042 1706 1096 θέλω
1797 1055 1878 1098 735

405 1127 845 1199 στρατηλατήσας
868 1123 1220 1197 χὺποχείριον
1244 1131 1453 1196 λαβεῖν.

407 1208 540 1267 ὅταν
564 1213 625 1268 δὲ
650 1209 807 1267 τάκεῖ
826 1218 915 1267 θῶ
942 1209 1078 1265 κατὰ
1103 1210 1329 1281 γνώμην
1355 1210 1506 1281 ἐμήν,

406 1295 541 1368 ἥξω·
571 1295 765 1367 παρών
791 1297 852 1352 δε
876 1295 1012 1367 πρὸς
1038 1296 1313 1365 παρόντας
1347 1298 1605 1367 ἐμφανῶς

409 1380 693 1453 γαμβρους
718 1381 920 1448 διδάξω
949 1405 1041 1436 και
1064 1381 1352 1451 διδάξομαι
1377 1378 1595 1451 λόγους.

407 1463 513 1522 κάν
536 1491 638 1538 μεν
661 1467 858 1539 κολάζῃ
881 1466 1047 1537 τήνδε
1071 1467 1164 1521 καὶ
1188 1463 1247 1520 τὸ
1274 1464 1469 1521 λοιπὸν
1492 1466 1527 1537 ᾑ
1797 1478 1879 1521 740

408 1552 653 1623 σῶφρων
685 1550 816 1607 καθ’
847 1549 1009 1622 ημᾶς,
1040 1548 1291 1622 σώφρον’
1321 1547 1696 1621 ἀντιλήψεται.

407 1635 764 1708 θυμούμενος
791 1636 852 1692 δὲ
875 1637 1119 1703 τεύξεται
1143 1638 1536 1706 θυμουμένων,

409 1727 618 1793 ἔργοισι
645 1720 698 1778 δ’
728 1728 861 1793 ἔργα
887 1719 1102 1792 διάδοχ’
1132 1718 1503 1791 ἀντιλήψεται.

406 1805 535 1871 τοὺς
559 1806 691 1871 σούς
717 1807 777 1862 δὲ
801 1806 1022 1878 μύθους
1048 1810 1251 1879 ῥαδίως
1277 1803 1382 1875 ἐγώ
1410 1807 1563 1877 φέρω
1580 1823 1590 1833 ·

407 1898 535 1964 σκιᾷ
559 1891 664 1963 γὰρ
692 1891 1028 1961 ἀντίστοιχος
1055 1886 1134 1946 ῶν
1159 1889 1356 1961 φωνὴν
1382 1896 1536 1960 ἔχεις,
1794 1903 1879 1947 745

406 1973 676 2042 ἀδύνατος
699 1974 866 2032 οὐδεν
892 1974 1023 2030 άλλο
1048 1974 1192 2046 πλην
1215 1976 1398 2045 λέγειν
1421 1974 1611 2045 μόνον.

1039 2057 1052 2078 ,
1098 2057 1111 2076 e
1165 2057 1177 2077 ,
1224 2057 1236 2077 ,

413 2143 485 2201 συ’
510 2143 558 2201 τ’
589 2139 634 2201 ῶ
633 2103 912 2202 τάλαινα·
939 2152 1191 2217 χείματος
1216 2168 1320 2216 γαρ
1351 2143 1548 2215 αγρίου

406 2238 648 2301 τυχοῦσα
674 2233 894 2302 λιμένας
918 2223 1088 2302 ἦλθες
1114 2236 1189 2295 εἰς
1215 2227 1532 2301 ευηνέμους.

413 2308 456 2370 ῶ
483 2319 724 2388 πρέσβυ,
761 2322 892 2371 θεοί
914 2334 999 2371 σοι
1025 2320 1176 2371 δοῖεν
1203 2307 1266 2370 εὖ
1291 2316 1381 2370 καὶ
1405 2327 1544 2369 τοῖσι
1569 2326 1701 2385 σοῖς,
1791 2328 1872 2371 750

406 2400 644 2456 σῶσαντι
667 2406 838 2458 παῖδα
863 2399 1002 2472 κάμὲ
1025 2399 1126 2471 τὴν
1151 2405 1512 2470 δυσδαίμονα.

406 2483 509 2557 ὅρα
533 2486 594 2541 δὲ
617 2485 690 2558 μὴ
714 2493 831 2561 νῷν
858 2492 932 2550 εἰς
958 2489 1188 2557 ἐρημίαν
1216 2482 1352 2540 ὁδοῦ

405 2570 699 2641 πτήξαντες
727 2576 842 2628 οἵδε
875 2569 1010 2641 πρὸς
1037 2577 1167 2642 βίαν
1193 2567 1372 2640 ἄγωσί
1399 2592 1491 2641 με,

409 2658 641 2727 γέροντα
666 2656 767 2727 μὲν
792 2653 843 2712 σ’
875 2654 1138 2727 ὁρῶντες,
1167 2651 1379 2726 ἀσθενῆ
1407 2653 1458 2710 δ’
1487 2657 1579 2726 ἐμὲ

406 2742 498 2796 καὶ
522 2745 691 2797 παῖδα
715 2741 876 2797 τόνδε
904 2741 1129 2811 νήπιον·
1156 2740 1348 2796 σκόπει
1371 2740 1518 2809 τάδε,
1786 2751 1867 2796 755

405 2825 477 2895 μὴ
508 2831 617 2882 νῦν
642 2826 916 2897 φυγόντες
941 2822 1054 2881 εἷθ’
1084 2822 1302 2896 ἁλῶμεν
1330 2822 1577 2892 ὕστερον,
