2022 3126
494 87 833 134 ΗΡΑΚΛΗΣ
862 87 1362 135 ΜΑΙΝΟΜΕΝΟΣ
1661 83 1762 136 329

314 234 371 283 τί
396 225 463 298 δὴ
488 224 549 282 τὸ
574 224 779 297 σεμνὸν
802 231 879 300 σῷ
906 231 1287 296 κατείργασται
1314 227 1487 295 πόσει,

312 308 491 380 ὕδραν
518 313 696 366 ἕλειον
721 316 772 366 εί
793 309 1020 365 διώλεσε
1045 308 1262 365 κτανὼν

310 392 345 466 ἢ
370 395 465 450 τὸν
488 396 729 465 Νέμειον
751 391 903 465 θῆρ’;
927 389 992 449 ὃν
1016 396 1075 448 ἐν
1102 394 1318 465 βρόχοις
1345 392 1485 449 ἑλῶν

313 479 601 551 βραχίονός
626 476 750 549 φησ’
776 476 1095 549 ἀγχόναισιν
1118 481 1334 543 ἐξελεῖν.

313 561 487 619 τοῖσδ’
515 565 933 633 ἐξαγωνίζεσθε;
956 559 1122 617 τῶνδ’
1153 560 1233 634 ἄρ’
1265 567 1471 618 εἵνεκεν
1685 578 1764 620 15ὸ

311 646 438 712 τοὺς
454 645 808 719 Ἡρακλείους
833 650 1030 710 παῖδας
1053 644 1119 701 οὐ
1144 645 1413 717 θνήσκειν
1436 646 1643 717 χρεών;

311 727 369 796 ὃς
393 737 513 802 ἔσχε
537 732 702 797 δόξαν
726 729 893 787 οὐδὲν
918 726 997 785 α’)’ν
1021 728 1286 800 εὐψυχίας

306 822 502 916 θηρῶν
527 819 586 870 ἐν
609 821 789 887 αἰχμῇ,
819 813 986 870 τᾶλλα
1013 818 1046 868 δ
1052 812 1064 832 '
1094 812 1260 869 οὐδὲν
1285 811 1524 885 ἄλκιμος,

310 896 369 963 ὃς
395 897 577 955 οὔποτ’
605 897 793 955 ἀσπίδ’
825 905 946 969 ἔσχε
972 897 1109 969 πρὸς
1131 904 1259 971 λαιᾷ
1279 900 1398 970 χερὶ

312 981 436 1038 οὐδ’
464 976 604 1054 ἦλθε
629 983 826 1054 λόγχης
849 982 1039 1054 ἐγγύς,
1069 979 1207 1037 ἀλλα
1232 979 1344 1048 τόξ’
1374 988 1540 1082 ἔχων,
1685 997 1766 1041 160

304 1067 561 1122 κάκιστον
586 1064 784 1137 ὅπλον,
813 1073 878 1140 τῇ
903 1072 1056 1139 φυγῇ
1081 1067 1366 1168 πρόχειρος
1392 1067 1477 1136 ἠν.

306 1148 508 1222 ἀνδρὸς
535 1149 587 1206 δ’
622 1157 838 1222 ἔλεγχος
863 1149 986 1221 οὐχὶ
1009 1148 1119 1218 τόξ’
1150 1149 1432 1221 εὐψυχίας,

306 1233 428 1290 ἀλλ’
456 1232 515 1299 ὂς
538 1238 720 1306 μένων
745 1238 933 1307 βλέπει
956 1257 1014 1290 τε
1036 1233 1446 1305 κάντιδέρκεται

303 1318 466 1392 δορὸς
493 1334 713 1390 ταχεῖαν
737 1318 906 1375 ἄλοκα
930 1320 1083 1385 τάξιν
1107 1320 1364 1390 ἐμβεβώς.

304 1409 412 1474 ἔχει
438 1404 498 1459 δὲ
521 1402 727 1475 τούμὸν
749 1401 851 1459 οὐκ
877 1402 1180 1473 ἀναίδειαν,
1210 1406 1391 1474 γέρον,
1680 1416 1761 1463 165

301 1485 422 1543 ἀλλ’
452 1485 769 1559 εὐλάβειαν·
796 1488 918 1543 οἶδα
943 1486 1047 1559 γὰρ
1072 1486 1427 1544 κατακτανών

301 1575 551 1642 Κρέοντα
575 1575 782 1645 πατέρα
804 1577 968 1643 τῆσδε
992 1574 1083 1627 καὶ
1105 1569 1350 1644 θρόνους
1377 1578 1532 1642 ἔχων.

301 1653 507 1712 οὔκουν
531 1659 855 1729 τραφέντων
878 1661 1053 1712 τῶνδε
1077 1656 1348 1727 τιμωροὺς
1373 1658 1490 1726 ἐμοὶ

299 1741 473 1813 χρῄζω
497 1743 755 1798 λιπέσθαι
781 1747 890 1796 τῶν
912 1743 1264 1812 δεδραμένων
1290 1747 1506 1812 [δίκην].

115 1832 244 1882 ΑΜ.
294 1830 353 1882 τὸ
395 1831 495 1880 τοῦ
518 1824 656 1891 Διὸς
679 1827 779 1896 μὲν
803 1825 942 1891 Ζεὺς
967 1823 1218 1895 ἀμυνέτω
1247 1827 1436 1893 [μέρει]
1675 1837 1757 1883 170

300 1909 519 1974 παιδός·
556 1909 616 1966 τὸ
643 1908 695 1965 δ’
727 1916 802 1975 εἰς
826 1908 922 1981 ἔμ’,
940 1906 1241 1980 εΗράκλεις,
1273 1911 1393 1981 ἐμοὶ
1414 1911 1563 1980 μέλει

300 1994 510 2065 λόγοισι
532 1992 634 2064 τὴν
656 1992 810 2050 τοῦδ’
840 1992 1087 2065 ἀμαθίαν
1111 1991 1252 2065 ὑπερ
1277 1996 1446 2049 σέθεν

298 2080 500 2145 δεῖξαι·
536 2101 715 2144 κακως
740 2079 843 2151 γάρ
868 2076 922 2134 σ’
951 2077 1054 2134 οὐκ
1080 2081 1267 2134 ἐατέον
1289 2079 1499 2134 κλύειν.

299 2184 519 2262 πρωτον
543 2164 643 2234 μὲν
667 2165 769 2218 οὐν
797 2160 1032 2236 τᾶρρητ’,
1058 2166 1119 2218 ἐν
1143 2161 1428 2235 ἀρρήτοισι
1450 2164 1556 2232 γὰρ

302 2245 403 2316 τὴν
427 2249 532 2317 σὴν
555 2253 752 2318 νομίζω
782 2252 995 2303 δειλίαν
1007 2245 1345 2317 ,Ἡράκλεες,
1678 2258 1757 2303 170

301 2330 409 2385 σὺν
431 2331 702 2402 μάρτυσιν
729 2340 882 2396 θεοῖς
906 2336 996 2387 δεῖ
1016 2329 1062 2402 μ’
1092 2329 1392 2397 ἀπαλλάξαι
1416 2332 1600 2386 σέθεν.

298 2412 436 2480 Διὸς
457 2414 733 2487 κεραυνὸν
759 2413 811 2471 δ’
838 2413 1052 2488 ἠρόμην
1075 2415 1353 2486 τέθριππά
1373 2437 1448 2485 τε,

299 2501 358 2554 ἐν
383 2494 462 2564 οἷς
486 2499 735 2571 βεβηκώς
758 2512 899 2555 τοῖσι
920 2506 1019 2571 γῆς
1043 2499 1381 2571 βλαστήμασι

307 2589 531 2654 Γίγασι,
559 2591 817 2655 πλευροῖς
840 2582 990 2655 πτήν’
1019 2583 1320 2656 ἐναρμόσας
1342 2586 1492 2655 βέλη,

295 2666 392 2722 τὸν
416 2674 731 2724 καλλίνικον
753 2691 886 2740 μετα
908 2675 1061 2724 θεων
1085 2665 1354 2739 ἐκώμασε
1674 2681 1757 2725 180

299 2754 646 2823 τετρασκελές
673 2750 734 2808 θ’
763 2751 1005 2826 υβρισμα
1027 2752 1365 2824 Κενταύρων
1389 2753 1564 2823 γένος,

299 2834 518 2906 Φολόην
542 2837 821 2906 ἐπελθών,
848 2860 889 2892 ω
913 2837 1134 2892 κάκιστε
1156 2838 1445 2907 βασιλέων,
