2022 3126
768 87 955 132 ΕΚΑΒ
964 86 1016 132 Η
1618 83 1720 135 159

264 235 439 297 φυσιν
463 221 766 296 διέφθειρ”,
792 221 928 278 ἀλλὰ
951 225 1181 296 χρηστός
1203 223 1316 280 ἐστ’
1344 222 1460 292 άεί;

263 300 358 379 ἆρ’
385 313 442 364 οἱ
459 308 706 372 τεκόντες
731 305 1144 379 διαφέρουσιν
1118 333 1151 379 η
1176 315 1407 381 τροφαί·
1394 353 1409 376 ,

263 399 371 463 ἔχει
395 415 456 464 γε
484 394 671 465 μέντοι
701 395 796 448 καὶ
823 390 886 446 τὸ
918 394 1239 463 θρεφθῆναι
1267 396 1450 457 καλως
1641 407 1725 450 600

262 479 477 543 δίδαξιν
503 479 737 531 ἐσθλοῦ·
767 480 929 530 τοῦτο
953 473 1005 530 δ’
1031 473 1102 546 ἤν
1125 500 1206 541 τις
1232 478 1295 532 εὐ
1319 478 1490 549 μάθῃ,

263 561 414 616 οἶδεν
437 559 499 615 τό
522 583 556 631 γ
567 556 861 630 ἀἰσχρόν,
887 560 1084 615 κανόνι
1108 567 1208 615 τοῦ
1233 568 1407 616 καλοῦ
1431 562 1646 633 μαθών.

259 647 351 700 καὶ
374 650 543 700 ταῦτα
566 643 666 714 μὲν
691 642 758 714 δὴ
783 650 918 708 νοῦς
943 645 1226 711 ἐτόξευσεν
1251 646 1425 716 μάτην
1441 665 1451 674 ·

258 729 328 784 σὺ
355 734 387 783 δ
395 727 407 747 ’
438 728 567 784 ἐλθὲ
591 730 681 783 καὶ
704 728 950 799 σήμηνον
966 726 1231 800 Ἀργείοις
1254 729 1399 800 τάδε,

258 813 330 884 μὴ
356 813 648 884 θιγγάνειν
678 834 770 881 μοι
804 810 1018 884 μηδέν’,
1045 810 1168 868 ἀλλ’
1197 822 1404 886 εἴργειν
1431 812 1595 885 ὄχλον
1641 826 1725 870 605

260 904 355 968 τῆς
379 897 590 961 παιδός.
623 903 684 952 ἕν
707 919 789 952 τοι
813 902 995 971 μυρίῳ
1018 898 1384 968 στρατεύματι

259 979 558 1045 ἀκόλαστος
583 978 738 1051 ὅχλος
760 982 994 1052 ναυτική
1019 979 1067 1036 τ’
1097 979 1331 1052 ἀναρχία

257 1072 531 1135 κρείσσων
556 1065 758 1138 πυρός,
783 1063 950 1130 κακὸς
974 1063 1029 1121 δ’
1059 1064 1086 1121 ὁ
1112 1066 1185 1137 μή
1209 1090 1260 1121 τι
1286 1071 1438 1139 δρῶν
1461 1067 1648 1122 κακόν.

257 1148 328 1205 σὺ
353 1149 406 1205 δ’
435 1143 508 1205 αὖ
534 1155 780 1220 λαβοῦσα
808 1156 1029 1221 τεῦχος,
1055 1149 1252 1222 ἀρχαία
1277 1151 1449 1223 λάτρι,

257 1233 463 1305 βάψασ’
491 1241 680 1304 ἔνεγκε
705 1239 872 1307 δεῦρο
898 1241 1124 1300 ποντίας
1151 1233 1294 1306 ἁλός,
1644 1248 1727 1291 610

258 1316 330 1383 ως
353 1323 522 1374 παῖδα
546 1325 799 1389 λουτροῖς
822 1331 933 1383 τοῖς
958 1320 1322 1384 πανυστάτοις
1348 1318 1483 1390 ἐμὴν

257 1402 486 1474 νύμφην
510 1400 556 1457 τ’
587 1400 845 1475 ἅνυμφον
870 1405 1157 1473 παρθένον
1182 1401 1230 1459 τ’
1260 1401 1583 1475 άπάρθενον

259 1487 441 1542 λούσω
468 1493 771 1558 προθῶμαί
789 1486 852 1542 θ’
871 1506 881 1516 ·
918 1485 989 1551 ὡς
1013 1488 1114 1558 μὲν
1142 1486 1293 1558 άξία,
1327 1488 1533 1554 πόθεν;

258 1569 360 1626 οὐκ
385 1567 453 1626 ἂν
478 1576 781 1642 δυναίμην·
813 1569 885 1637 ὡς
909 1570 962 1627 δ’
992 1578 1093 1643 ἔχω
1109 1591 1121 1601 ·
1153 1579 1210 1627 τί
1229 1572 1334 1643 γὰρ
1361 1573 1555 1639 πάθω;

256 1656 462 1726 κόσμον
485 1652 534 1710 τ’
567 1653 814 1726 άγείρασ’
844 1661 1260 1728 αἰχμαλωτίδων
1285 1657 1449 1728 πάρα,
1644 1670 1726 1713 615

258 1745 320 1795 αἴ
337 1763 430 1810 μοι
455 1739 724 1811 πάρεδροι
747 1739 917 1796 τῶνδ’
947 1747 1052 1796 ἔσω
1078 1742 1451 1812 σκηνωμάτων

250 1825 591 1893 θάσσουσιν,
626 1835 680 1881 εἴ
701 1849 778 1890 τις
809 1848 939 1890 τους
968 1826 1164 1881 νεωστὶ
1195 1821 1459 1887 δεσπότας

259 1905 498 1963 λαθοῦσ’
528 1914 638 1978 ἔχει
663 1931 714 1963 τι
739 1910 949 2007 κλέμμα
973 1915 1086 1964 τῶν
1109 1906 1278 1979 αὐτῆς
1301 1908 1506 1979 δόμων.

260 1994 301 2047 ώ
327 1990 555 2064 σχήματ’
585 2001 782 2063 οἴκων,
811 1994 852 2047 ώ
879 1991 1000 2048 ποτ’
1031 1991 1279 2064 εὐτυχεῖς
1303 1994 1480 2064 δόμοι,

259 2079 300 2132 ώ
326 2074 535 2132 πλεῖστ’
565 2082 705 2148 ἔχων
730 2077 991 2132 κάλλιστά
1015 2077 1063 2132 τ’
1094 2076 1461 2133 εὐτεκνώτατε
1643 2093 1725 2135 620

257 2167 503 2233 Πρίαμε,
529 2162 724 2233 γεραιά
747 2159 808 2217 θ’
837 2159 927 2233 ἥδ’
958 2161 1064 2233 ἐγώ
1089 2161 1264 2234 μήτηρ
1289 2165 1514 2233 τέκνων,

259 2243 331 2310 ὣς
358 2252 434 2310 εἰς
456 2245 516 2301 τὸ
540 2246 713 2318 μηδὲν
737 2244 971 2318 ἥκομεν,
998 2248 1349 2318 φρονήματος

262 2336 360 2385 τοῦ
385 2332 516 2403 πρὶν
540 2333 836 2403 στερέντες.
871 2331 985 2387 εἶτα
1010 2330 1130 2403 δῆτ’
1158 2330 1478 2403 ὀγκούμεθα

260 2413 291 2469 ὃ
309 2416 412 2486 μέν
434 2438 514 2479 τις
542 2413 698 2486 ἡμῶν
723 2423 1009 2482 πλουσίοις
1033 2419 1092 2471 ἐν
1120 2417 1384 2487 δώμασιν,

260 2495 290 2554 ὃ
317 2496 368 2553 δ’
398 2502 458 2555 ἐν
482 2507 729 2565 πολίταις
753 2507 929 2572 τίμιος
953 2504 1303 2572 κεκλημένος.
1643 2512 1724 2556 625

261 2581 327 2638 τὰ
352 2580 406 2637 δ’
435 2581 628 2639 ουδέν·
659 2582 838 2650 άλλως
863 2591 1181 2657 φροντίδων
1207 2586 1560 2657 βουλευματα

263 2667 510 2769 γλώσσης
533 2691 590 2723 τε
612 2670 831 2740 κόμποι.
861 2683 1039 2734 κεῖνος
1063 2667 1409 2742 ὀλβιώτατος,

264 2749 370 2806 ότω
396 2747 509 2807 κατ’
541 2775 687 2823 ημαρ
712 2755 971 2825 τυγχάνει
995 2755 1168 2825 μηδεν
1192 2755 1383 2811 κακόν.
