2022 3126
234 86 410 128 XXXII
690 86 774 127 DE
804 86 1111 128 EVRIPIDIS
1142 86 1399 129 INGENIO

235 218 416 267 tratur,
466 211 627 278 siquid
673 211 840 262 divino
880 214 1072 262 numini
1118 213 1319 263 sceleris
1367 212 1576 263 audeant
1624 211 1866 263 tribuere.

235 287 282 330 et
329 296 437 329 cum
489 283 540 330 in
586 281 841 332 tralaticiis
894 282 1069 332 fabulis
1116 282 1326 348 plurima
1365 283 1424 332 de
1471 283 1563 332 diis
1610 283 1872 347 propagari

233 350 394 400 videat
428 347 634 400 ἀναιδέα
669 348 713 401 τ’
741 348 824 416 ἠδ’
864 348 1123 416 ἀθέμιστα,
1163 368 1245 401 eos
1283 354 1367 417 qui
1405 353 1610 402 deorum
1647 360 1869 402 veterum

234 421 486 470 ministros
523 437 630 471 sese
671 429 718 471 et
754 425 1049 485 interpretes
1086 423 1281 478 iactent,
1322 423 1600 471 sacerdotes
1637 429 1685 472 et
1721 430 1867 479 vateS,

233 497 466 554 tanquam
521 493 885 556 superstitionis
938 492 1208 540 nutriculas
1265 499 1312 540 et
1375 491 1598 541 fraudum
1658 494 1868 541 artifices

235 563 438 624 castigat
453 559 526 624 ⁵⁴).
577 576 667 611 nec
704 569 867 611 tamen
908 576 961 609 ea
1003 567 1076 609 est
1111 567 1285 626 poetae
1322 563 1422 610 sive
1461 565 1730 611 constantia
1770 564 1869 610 sive

236 631 458 686 audacia,
516 637 570 680 ut
616 646 813 680 omnem
867 633 1138 694 patriorum
1189 630 1392 680 deorum
1444 631 1628 680 cultum
1676 632 1867 681 abiciat.
1911 630 1920 639 '

234 703 443 750 maxime
491 700 707 764 Iuppiter
754 707 808 749 ut
853 715 1072 749 summus
1119 700 1323 749 deorum
1369 702 1420 749 in
1469 700 1869 764 disceptationem

235 778 437 820 vocatur
475 776 522 818 et
559 771 806 820 arroditur
821 767 896 834 55),
937 770 1092 818 ceteri
1126 770 1223 818 divi
1262 784 1417 834 paene
1454 771 1724 819 incolumes
1762 786 1869 820 eva-

236 840 371 895 dunt,
412 847 556 902 atque
592 841 641 888 in
681 839 983 895 BacchabuS,
1024 855 1168 905 quam
1207 839 1422 889 fabulam
1460 847 1679 889 extrema
1714 846 1870 890 aetate

236 909 496 972 Euripides
534 912 831 974 composuit,
883 910 1004 959 adeo
1046 909 1318 959 vindicatur
1355 909 1554 974 Dionysi
1590 925 1771 959 numen
1811 910 1871 959 ab

235 981 497 1042 impiorum
548 979 803 1030 hominum
853 979 1168 1029 dubitatione.
1239 980 1325 1028 sed
1372 995 1493 1045 quae
1540 979 1599 1028 de
1646 979 1737 1028 diis
1776 986 1869 1030 sta-

238 1052 357 1099 stuit
394 1056 553 1114 poeta,
593 1065 755 1113 neque
792 1052 921 1099 inter
959 1066 1011 1099 se
1049 1051 1362 1099 consentiunt
1398 1065 1490 1098 nec
1527 1050 1776 1099 sufficiunt
1813 1049 1870 1098 ad

237 1120 496 1183 erigendos
534 1122 584 1169 in
631 1123 756 1170 vitae
802 1122 1013 1170 miseriis
1060 1119 1314 1169 hominum
1360 1122 1549 1168 animos
1597 1128 1644 1169 et
1692 1121 1869 1168 confir-

235 1191 452 1239 mandos,
506 1193 652 1240 vitam
680 1192 940 1240 humanam
980 1192 1304 1240 miserrimam
1344 1196 1484 1254 poeta
1521 1189 1724 1239 iudicat:
1765 1188 1870 1238 uul-

237 1258 337 1309 lum
386 1276 493 1310 esse
540 1260 725 1311 malum
770 1277 864 1327 quo
913 1275 1011 1309 non
1058 1259 1329 1309 obruantur
1377 1260 1626 1316 homines;
1678 1261 1872 1310 felicem

236 1372 307 1380 ...-

350 1426 424 1481 54)
455 1429 570 1468 Vide
603 1428 657 1471 fr
681 1429 777 1477 294,
811 1429 856 1467 7:
892 1424 935 1468 εἰ
963 1425 1080 1468 θεοί
1107 1442 1151 1468 τι
1182 1427 1355 1478 δρῶσιν
1388 1422 1599 1481 αἰσχρόν,
1632 1439 1719 1468 ουκ
1752 1423 1870 1468 εἰσὶν

238 1483 363 1525 θεοί.
399 1485 523 1549 I.ph
557 1485 608 1527 T.
631 1485 733 1524 386:
769 1476 856 1535 έγῶ
887 1479 972 1549 μὲν
1003 1496 1090 1524 ουν
1122 1479 1179 1524 τὰ
1217 1479 1466 1524 Ταντάλου
1497 1484 1685 1524 θεοῖσιν
1716 1475 1869 1547 56u92·

238 1553 365 1593 ματα
388 1533 564 1581 ἄπιστα
586 1540 730 1606 κρίνω
752 1560 804 1567 -
828 1533 1009 1580 οὐδένα
1030 1532 1119 1601 γὰρ
1141 1534 1275 1603 οἶμαι
1297 1532 1552 1603 δαιμόνων
1563 1534 1688 1580 εἶναι
1707 1535 1870 1583 κακόν.

237 1597 374 1636 Herc.
404 1596 453 1636 F.
477 1597 606 1637 1341.
641 1590 688 1648 ἐγ
693 1590 726 1635 (ὸ
749 1590 800 1636 δὲ
823 1588 932 1641 τούς
947 1589 1101 1657 θεοὺς
1125 1608 1233 1636 ουτε
1244 1581 1422 1664 λέκτρ’
1433 1608 1462 1635 α
1479 1588 1556 1661 μὴ
1580 1591 1722 1647 θέμις
1744 1590 1872 1659 στέρ-

238 1665 343 1716 γειν
374 1651 570 1704 νομίζω,
613 1610 765 1715 δεσμοί
794 1645 840 1690 τ’
874 1643 1095 1714 ἐξαπτειν
1127 1654 1286 1714 χεροῖν
1318 1665 1402 1692 ουτ
1463 1645 1645 1716 ἠξίωσα
1683 1642 1869 1691 πώποτ’

239 1700 348 1748 οὕτε
369 1708 608 1786 πείσομαι,
641 1690 750 1748 οὐδ’
783 1699 926 1746 αλλον
959 1699 1103 1747 ἄλλου
1129 1701 1364 1773 δεσπότην
1385 1702 1670 1773 πεφυκέναι.
1718 1705 1874 1748 δεῖται

239 1758 328 1826 γὰρ
365 1757 389 1805 o‘
429 1760 567 1826 θεός,
609 1761 744 1813 εἰπερ
784 1754 879 1803 ἔστ’
920 1755 1076 1813 ὀρθῶς
1115 1757 1255 1815 θεός,
1297 1757 1516 1810 οὐδενος·
1550 1758 1730 1803 ἀοιδῶν
1768 1761 1873 1803 οἷ’δε

242 1814 467 1873 δύστηνοι
491 1814 636 1884 λόγοι.
685 1818 790 1858 hine
815 1818 878 1859 dii
907 1819 1064 1888 vulgo
1066 1819 1232 1858 crediti
1261 1820 1433 1882 passim
1455 1823 1715 1882 carpuntur,
1748 1818 1874 1858 velut

243 1876 298 1916 fr.
333 1878 461 1923 1030,
495 1878 542 1916 5:
582 1868 613 1928 ἤ
644 1887 764 1926 ταρα
796 1873 991 1926 θνητῶν
1022 1870 1139 1915 εἰσιν
1171 1868 1532 1943 ἄσυνετορτεροι,
1576 1871 1618 1915 εἰ
1649 1867 1871 1927 ταπιεικῆ

242 1925 453 1984 πρόσθεν
485 1927 716 1997 ἡγοῦνται
749 1928 899 1993 δίκης.
929 1930 1056 1994 Ipb.
1088 1932 1140 1973 Τ
1174 1933 1275 1971 57οτ
1317 1923 1405 1971 ουδ
1438 1925 1485 1971 οἷ
1513 1928 1657 1983 σοφοί
1682 1942 1735 1983 γε
1766 1928 1874 1970 δαί·

243 2001 381 2041 μονες
404 1984 682 2041 κεκλημένοι
703 1985 895 2039 πτηνῶν
917 1978 1114 2039 ὀνείρων
1139 1982 1259 2027 εἰσὶν
1281 1980 1638 2038 ἀψευδέστεροι.
1669 1985 1875 2037 Apollini

245 2044 476 2096 sapientia
517 2045 766 2096 abrogatur
796 2041 1009 2082 Ε1.1246
1041 2046 1089 2082 et
1118 2042 1251 2084 Andr
1289 2044 1416 2091 1165,
1458 2043 1665 2083 Minerva
1703 2043 1876 2083 iniusta

244 2101 412 2139 dieitur
435 2100 487 2141 fr.
514 2102 610 2150 268,
643 2098 850 2151 Iuppiter
879 2098 1077 2138 humana
1098 2100 1266 2138 virtute
1296 2099 1489 2139 inferior
1518 2102 1710 2161 apparet
1740 2099 1874 2138 Herc.

242 2157 299 2220 F.‚
315 2158 410 2205 342,
443 2156 522 2196 ubi
552 2168 653 2196 mox
674 2156 754 2196 347
789 2154 1033 2197 subicitur:
1067 2145 1263 2208 ἀμαθής
1294 2168 1363 2202 τις
1387 2150 1433 2195 εἷ
1458 2148 1588 2205 θεός,
1623 2150 1667 2195 εἰ
1688 2152 1876 2201 δίκαιος

243 2204 330 2253 οὐκ
354 2208 484 2262 εφυς.
536 2217 691 2253 vatum
717 2210 951 2250 fallaciam
972 2210 1219 2251 identidem
1241 2216 1377 2263 poeta.
1400 2210 1596 2251 incusat.
1646 2209 1749 2252 Hel.
1770 2212 1873 2250 744:

244 2282 302 2308 τα
348 2263 564 2336 μα’ντξων
595 2262 780 2309 έσειδον
814 2259 874 2313 ῶς
920 2257 1068 2330 φαῦλ’
1103 2259 1199 2307 ε’στὶ
1231 2281 1311 2307 και
1343 2265 1540 2316 ψευδῶν
1575 2262 1717 2306 πλέοι·
1765 2257 1874 2305 ουδ’

244 2314 316 2386 ἦν
345 2338 404 2375 αρ
465 2319 596 2376 υγιες
636 2316 779 2364 οὐδεν
808 2315 1030 2384 ἕμπυρου
1069 2317 1254 2385 φλογὸς
1277 2317 1372 2365 κτὲ.
1442 2323 1494 2362 fr.
1528 2324 1631 2363 793.-
1668 2319 1717 2362 τί
1754 2320 1877 2374 δῆτα

245 2374 421 2427 θάκοις
452 2382 701 2444 μαντικοις
734 2371 953 2440 ἐνήμενοι
984 2378 1161 2442 σαφῶς
1178 2370 1435 2431 διόμνυσθ’
1471 2374 1650 2419 εἰδέναι
1681 2372 1740 2417 τὰ
1772 2376 1876 2417 δαι-

246 2433 423 2488 μοὝςιων
472 2428 526 2476 οὔ
574 2434 723 2476 τῶνδε
770 2427 1083 2502 χειρώνακτες
1129 2425 1380 2485 ανθρωποι
1425 2430 1588 2496 λόγων.
1664 2433 1874 2474 Ε1.399;

245 2490 421 2540 Λοξίου
452 2486 540 2543 γὰρ
574 2488 770 2542 ἔμπεδοι
803 2488 1014 2557 χρησμοί,
1048 2488 1222 2552 βροτῶν
1246 2487 1299 2532 δε
1331 2483 1565 2541 μαντικὴν
1595 2487 1778 2542 χαίρειν
1801 2482 1874 2529 ε’ῶ.

245 2547 414 2588 Phoen.
447 2548 550 2587 9583
584 2545 759 2609 Φοῖβον
792 2539 1068 2596 ἀνθρώποις
1099 2541 1244 2598 μόνον
1276 2544 1390 2598 χρῆν
1420 2543 1726 2606 θεσπιῳδεῖν.
1774 2544 1873 2597 1ph.

246 2605 296 2646 A.
329 2605 435 2644 520:
469 2597 518 2642 τὸ
552 2597 780 2653 μαντικὸν
810 2599 907 2641 πᾶν
939 2598 1119 2666 σπέρμα
1151 2596 1402 2666 φιλότιμον
1433 2594 1594 2642 κακόν.

358 2656 432 2712 55)
465 2658 606 2698 Velut
637 2658 692 2698 fr.
724 2659 827 2698 483:
865 2651 983 2725 Ζεύς
1012 2670 1141 2703 οστις
1173 2651 1195 2696 ὁ
1235 2652 1372 2720 Ζεύς,
1409 2647 1463 2697 οὗ
1494 2671 1581 2709 γαρ
1613 2651 1723 2697 οἶδα
1752 2653 1876 2708 πλὴν

247 2708 380 2770 λόγῳ.
449 2714 505 2757 fr.
536 2715 640 2766 904,
673 2715 720 2752 2:
772 2707 890 2759 Ζευς
937 2708 1024 2753 εἴτ
1068 2706 1219 2764 Ἀίδης
1264 2688 1609 2775 ὀνομαζόμενος
1653 2709 1874 2776 στέργεις.

247 2759 380 2811 fidem
418 2782 564 2838 paene
598 2768 823 2809 excedunt
854 2780 969 2834 (luae
1009 2769 1223 2834 leguntur
1254 2769 1362 2810 Tro.
1394 2770 1496 2809 884:
1538 2755 1572 2807 ὦ
1602 2766 1686 2821 γῆς
1711 2762 1877 2838 ὄχημα

246 2820 364 2868 καπὶ
394 2840 479 2880 γης
495 2821 637 2891 εχων
661 2821 829 2887 εδραν,
856 2835 984 2870 οστις
1014 2818 1120 2864 ποτ’
1157 2828 1198 2864 εὶ
1220 2817 1292 2875 σύ,
1326 2819 1646 2870 δυστόπαστος
1679 2820 1877 2871 εἰδέναι,

250 2878 384 2934 Ζεύς,
419 2873 508 2924 εἴτ’
541 2873 727 2935 ανάγκη
761 2874 934 2932 φύσεος
959 2879 1052 2922 εἴτε
1082 2878 1195 2927 νοῦς
1225 2878 1418 2934 βροτῶν,
1450 2875 1801 2934 προσηυξάμην·
1811 2891 1875 2922 σε.
