2022 3126
119 388 231 438 ΦΕ.

104 1651 225 1698 ΑΔ.

760 80 1127 128 ΑΛΚΗΣΤΙΣ

303 213 590 289 στείχοντ’,
617 212 860 280 ὀπαδούς
885 214 923 271 τ’
953 221 1013 273 ἐν
1035 233 1220 289 χεροῖν
1245 222 1473 292 δάμαρτι
1503 234 1572 293 σί-

307 300 513 372 κόσμον
540 302 836 370 φέροντας,
866 304 1143 373 νερτέρων
1169 301 1466 376 ἀγάλματα.

310 381 422 455 ἥκω
448 395 663 438 κακοῖσι
689 397 832 439 σοῖσι
855 387 1207 457 συγκάμνων,
1232 392 1449 445 τέκνον·

305 470 505 537 ἐσθλῆς
531 467 661 537 γάρ,
690 464 874 533 οὐδεὶς
898 467 1120 541 ἀντερεῖ
1127 516 1140 542 ,
1168 474 1258 527 καὶ
1282 474 1568 544 σώφρονος

305 550 567 621 γυναικὸς
591 548 917 624 ἡμάρτηκας.
966 551 1102 610 ἄλλα
1126 562 1295 612 ταῦτα
1319 559 1420 629 μὲν

305 637 497 705 φέρειν
522 632 730 707 ἀνάγκη
755 644 952 709 καίπερ
978 635 1109 694 ὄντα
1136 645 1397 713 δυσμενῆ.

305 722 467 790 δέχου
493 719 554 775 δὲ
577 720 782 790 κόσμον
800 721 977 792 τόνδε,
1002 726 1095 779 καὶ
1120 724 1255 781 κατὰ
1278 726 1481 797 χθονὸς

305 811 400 858 ι”τω
418 822 428 832 ·
455 802 515 859 τὸ
541 805 739 875 ταύτης
763 812 917 876 σῶμα
941 814 1207 878 τιμᾶσθαι
1231 809 1427 883 χρεών,

301 884 418 958 ἥτις
442 911 504 958 γε
528 894 621 958 τῆς
646 895 744 960 σῆς
768 891 1059 961 προύθανε
1083 900 1286 965 ψυχῆς,
1318 899 1528 967 τέκνον,

305 979 402 1027 καί
419 969 467 1043 μ’
496 970 597 1027 οὐκ
623 970 812 1029 ἄπαιδ’
842 981 1046 1046 ἔθηκεν
1072 975 1196 1033 οὐδ’
1231 987 1379 1036 εἴασε
1409 987 1509 1036 σοῦ

303 1059 562 1127 στερέντα
586 1057 729 1131 γήρα
753 1067 1010 1135 πενθίμῳ
1034 1071 1423 1135 καταφθίνειν,

301 1140 497 1205 πάσαις
524 1138 573 1197 δ’
603 1148 808 1213 ἔθηκεν
835 1141 1225 1217 εὐκλεέστερον
1253 1156 1382 1219 βίον

299 1228 578 1295 γυναιξίν,
607 1232 770 1298 ἔργον
795 1234 963 1285 τλᾶσα
988 1244 1248 1301 γενναῖον
1277 1234 1419 1289 τόδε.

299 1301 342 1363 ὦ
366 1309 526 1364 τόνδε
549 1311 650 1380 μὲν
675 1311 902 1377 ‹Jco'fflw’q
931 1312 1278 1387 ἀναστήσασα
1304 1319 1363 1374 δὲ

297 1390 434 1463 ἡμᾶς
458 1400 776 1465 πίτνοντας,
802 1411 982 1469 χαῖρε,
1015 1397 1321 1457 κάν”ᾎιδου
1348 1404 1536 1475 δόμοις

299 1470 363 1531 εὖ
387 1497 472 1532 σοι
497 1481 724 1549 γένοιτο.
775 1484 914 1553 φημὶ
939 1485 1224 1550 τοιούτους
1248 1487 1458 1558 γάμους

298 1561 453 1617 λύειν
478 1562 838 1634 βροτοῖσιν,
813 1564 848 1636 ἡ
870 1582 1066 1638 γαμεῖν
1090 1593 1192 1624 ουκ
1216 1567 1384 1637 άξιον.

296 1642 405 1700 ουτ’
437 1639 601 1716 ἦλθες
628 1655 703 1713 εἰς
726 1649 877 1705 τόνδ’
907 1655 959 1718 ἐξ
986 1655 1120 1723 ἐμοῦ
1144 1659 1370 1726 κληθεὶς
1395 1658 1586 1729 τάφον,

293 1727 402 1784 οὔτ’
432 1733 490 1785 ἐν
517 1739 726 1802 φίλοισι
752 1732 854 1804 σὴν
882 1744 1193 1807 παρουσίαν
1214 1745 1373 1809 νέμω.

290 1814 496 1884 κόσμον
521 1817 582 1872 δε
605 1816 702 1872 τὸν
727 1815 827 1873 σὸν
851 1817 1059 1876 οὔποθ’
1088 1819 1179 1894 ἥδ’
1209 1826 1512 1884 ἐνδύσεται.

288 1901 374 1975 [ου
404 1905 510 1975 γάρ
541 1929 589 1960 τι
617 1910 730 1960 τῶν
762 1911 877 1960 σῶν
910 1906 1102 1978 ἐνδεὴς
1131 1907 1464 1981 ταφήσεται]

289 1981 410 2037 τότε
434 1985 728 2055 ξυναλγεῖν
751 1993 890 2057 χρῆν
915 1985 965 2043 σ’
993 1986 1065 2044 ότ’
1095 1988 1355 2063 ωλλύμην
1381 1995 1503 2064 εγεό.

289 2064 359 2120 σὺ
385 2063 438 2121 δ’
470 2068 720 2124 ἐκποδών
746 2070 874 2135 στὰς
898 2096 990 2128 και
1015 2077 1206 2144 παρεὶς
1230 2073 1376 2133 άλλω
1404 2088 1602 2136 θανεῖν

288 2151 393 2223 νέςο
423 2154 601 2223 γέρων
627 2152 732 2223 ὤν,
760 2154 911 2211 τόνδ’
942 2155 1235 2229 άποιμωξει
1264 2164 1496 2235 νεκρόν;

290 2230 392 2289 οὐκ
421 2228 544 2307 ἧσθ’
575 2235 654 2308 ἄρ’
683 2237 868 2310 ὀρθῶς
891 2247 1056 2298 τοῦδε
1080 2246 1325 2315 σώματος
1347 2248 1523 2321 πατὴρ

281 2320 410 2376 0ύό
449 2320 482 2393 ἡ
503 2335 680 2378 τεκεῖν
706 2324 997 2393 φάσκουσα
1020 2331 1112 2384 και
1137 2334 1441 2438 κεκλημένη

281 2401 549 2477 [μήτηρμ
561 2413 755 2462 ε’τικτε·
793 2415 1023 2466 δουλίου
1049 2411 1102 2468 δ’
1139 2412 1228 2484 ἀφ’
1258 2420 1478 2487 αι’ματος

206 2500 210 2504 ’
283 2495 467 2562 μαστῷ
492 2491 755 2561 γυναικὸς
780 2500 877 2566 σῆς
900 2492 1231 2570 ὑπεβλήθην
1256 2501 1478 2576 λάθρᾳ].

286 2574 491 2638 ἔδειξας
516 2581 592 2640 εἰς
622 2581 674 2631 ελ
686 2598 846 2648 εγχον
871 2578 1172 2645 ἐξελθών“
1140 2606 1199 2647 ος
1231 2584 1294 2654 εἷ,

283 2661 381 2709 καί
396 2653 444 2726 μ’
475 2656 539 2714 οὐ
566 2666 766 2731 νομίζω
793 2668 963 2719 παῖδα
989 2664 1091 2721 σὸν
1115 2671 1440 2738 πεφυκέναι.

284 2729 317 2807 ἧ
339 2761 475 2810 ταρα
498 2744 721 2799 πάντων
746 2750 1065 2854 διαπρέπεις
1098 2747 1323 2827 ἀψυχίᾳ,

284 2816 340 2884 ὃς
363 2826 644 2890 τηλικόσὸ’
675 2825 754 2884 ω“ν
777 2828 910 2886 κάπὶ
936 2832 1077 2903 τέρμ’
1106 2832 1257 2905 ἥκων
1278 2843 1409 2904 βίου

1681 493 1764 537 615

1682 914 1764 956 620

1678 1337 1758 1380 625

1672 1759 1755 1802 630

1669 2180 1750 2224 635
