2022 3126
646 112 740 166 DE,
759 111 1066 153 EVRIPIDIS
1096 111 1240 152 VITA
1674 110 1756 153 XV

131 238 306 287 horum
344 238 562 285 virorum
599 236 838 285 institutio
863 233 939 283 vel
976 233 1280 283 consuetudo
1312 243 1539 298 quantam
1576 238 1672 287 vim
1695 237 1755 286 ad

128 308 378 371 ingenium
404 304 650 369 Euripidis
676 303 933 353 colendum
961 311 1010 352 et
1044 303 1104 352 ad
1132 305 1410 353 universam
1449 307 1550 354 eius
1587 308 1754 371 poesin

129 443 393 485 Socraticae
432 443 688 505 sapientiae
736 443 862 484 fastu
900 441 1047 484 elatos
1085 442 1162 484 vel
1198 442 1432 495 Euripidis
1471 446 1517 483 et
1554 442 1756 485 Socratis

126 511 249 539 more
280 491 625 551 κομπάζοντας.
687 497 864 539 Gellius
897 500 963 548 15,
994 500 1061 548 20,
1091 499 1120 538 4
1147 497 1262 538 haec
1290 497 1448 538 habet:
1481 512 1580 539 mox
1608 513 1635 538 a
1663 513 1756 541 cor-

126 557 246 607 poris
275 567 378 594 cura
416 556 474 595 ad
510 556 733 595 excolendi
770 555 896 594 animi
929 556 1106 594 studium
1145 560 1435 606 transm-essm
1472 555 1642 594 auditor
1675 557 1757 604 snit

125 610 293 662 physici
310 610 608 662 Anaxagorae
628 617 669 650 et
691 611 868 651 Prodici
886 610 1083 659 rhetoris,
1113 611 1156 649 in
1175 611 1324 649 morali
1343 615 1475 649 autem
1495 609 1758 661 philosophia

127 665 334 707 Socratis.
396 666 636 718 plurimum
668 667 764 705 sine
795 666 930 705 dubio
961 667 1262 717 Anaxagorae
1300 665 1541 717 Euripides
1585 664 1756 715 debuit,

128 722 258 762 cuius
290 725 336 761 et
377 721 668 773 disciplinam
700 726 744 762 et
777 720 1101 774 quodammodo
1138 733 1286 761 mores
1323 721 1392 760 ita
1423 721 1669 773 expressit,
1706 725 1758 760 ut

129 777 337 817 alumnus
368 776 648 817 Clazomenii
686 776 947 828 philosophi
986 776 1107 816 haud
1143 776 1364 817 immerito
1401 775 1663 839 appellatus
1699 778 1759 816 sit

128 833 186 873 ab
217 832 525 899 Aristofphane
557 830 719 883 (Gellii
750 833 821 879 15,
851 834 928 884 20,
960 831 1028 884 8)·
1058 827 1082 872 ὁ
1115 823 1162 872 δ’
1190 825 1502 884 Ἀναξαγόρου
1531 825 1759 884 τρόφιμος

119 901 267 942 -χαιου
298 902 395 931 κτε.
452 888 612 940 itaque
649 862 899 928 identidem
930 887 1230 940 Anaxagorae
1268 887 1664 952 philosophemata
1702 887 1759 927 ad

127 957 342 985 scaenam
364 943 578 993 traduxit,
603 956 694 996 qua
715 943 767 984 de
791 956 839 983 re
860 943 983 983 infra
1005 943 1192 983 dicetur.
1234 944 1380 983 minus
1403 947 1526 983 certo
1546 944 1760 996 persequi

126 1000 253 1051 licet,
292 1000 511 1041 Prodicus
543 974 589 1039 e't
617 1001 894 1052 Protagoras
927 999 1034 1051 quid
1071 999 1130 1039 ad
1167 999 1450 1040 formandum
1489 1003 1652 1051 poetae
1689 1001 1757 1039 in·

131 1056 314 1108 genium
347 1055 636 1096 contulerint.
695 1055 836 1095 errori
872 1055 1087 1095 videntur
1116 1055 1273 1095 deberi
1282 1067 1427 1119 ‚quae
1466 1055 1599 1108 Diog.
1631 1055 1684 1096 L.
1716 1057 1758 1105 9,

127 1112 182 1152 55
223 1111 387 1160 refert,
429 1108 548 1178 φησὶ
589 1105 644 1152 δε
677 1104 932 1164 Φιλόχορος
969 1107 1196 1158 πλέοντος
1233 1104 1382 1152 αὐτοῦ
1410 1109 1760 1179 (Anaxagoram

128 1166 258 1216 dicit)
283 1160 330 1214 ἔς
353 1164 580 1208 Σικελίαν
601 1159 687 1233 τὴν
708 1165 832 1207 ναῦν
852 1165 1311 1219 καταποντισθῆναι,
1342 1163 1425 1207 καὶ
1445 1165 1586 1207 τοῦτο
1609 1163 1758 1207 αἰνίτ·

127 1222 301 1263 τεσθαι
340 1216 612 1275 Ευριπίδην
653 1215 703 1262 ἐν
736 1215 919 1273 Ἰξίονι·
961 1223 1020 1263 cf.
1055 1222 1252 1265 Clinton.
1292 1224 1421 1264 Fast.
1461 1222 1582 1265 Hell.
1613 1222 1703 1265 vol.
1733 1224 1758 1263 2

127 1292 170 1330 p.
201 1280 283 1319 377
316 1278 385 1319 ed.
417 1279 495 1321 Kr.
555 1290 608 1317 ac
637 1278 882 1319 manifesto
922 1277 1088 1318 falsum
1128 1282 1199 1318 est
1229 1278 1348 1330 quod
1377 1278 1510 1330 Diog.
1540 1279 1594 1318 L.
1625 1280 1674 1324 2,
1705 1280 1760 1318 44

128 1338 297 1382 narrat,
329 1336 377 1374 in
407 1333 653 1374 Palamede
676 1334 877 1374 damnati
901 1334 1101 1375 Socratis
1123 1333 1505 1386 significationem
1525 1335 1757 1374 extitisse:

130 1401 220 1440 qua
251 1389 306 1429 de
338 1402 385 1429 re
418 1389 513 1429 dixi
543 1391 592 1429 in
613 1389 748 1441 Trag
771 1390 956 1443 Fragm.
986 1403 1027 1442 p.
1050 1392 1146 1431 363.
1198 1390 1573 1430 consuetudinem
1603 1395 1760 1430 tamen

128 1447 416 1498 Protagorae
449 1449 495 1485 et
524 1445 756 1497 Euripidis
789 1446 939 1513 prodit
968 1446 1089 1484 fama
1121 1445 1343 1510 quaedam
1365 1459 1391 1484 a
1411 1446 1545 1511 Diog.
1567 1447 1620 1486 L.
1643 1448 1685 1496 9,
1706 1448 1761 1486 54

131 1505 501 1541 commemorata:
533 1499 724 1569 πρῶτον
761 1499 814 1542 δε
845 1514 937 1542 των
968 1493 1123 1567 λόγων
1148 1493 1321 1541 ἑαυτοῦ
1360 1494 1582 1567 ανέγνω
1583 1500 1759 1564 (Prota-

129 1556 282 1609 goras)
320 1550 402 1596 τὸν
440 1553 558 1621 περὶ
585 1555 718 1596 θεῶν
748 1564 822 1585 -·
864 1548 1046 1608 ανέγνω
1078 1550 1130 1596 δὲ
1157 1548 1409 1619 Ἀθήνησιν
1440 1570 1491 1598 εν
1530 1555 1586 1610 τῇ
1618 1549 1759 1609 Εὐρι-

129 1610 277 1652 πίδου
298 1608 429 1653 οἰκία
450 1605 496 1665 ἥ,
528 1607 590 1658 ὡς
612 1609 749 1661 τινές,
773 1605 822 1652 ἐν
844 1609 898 1673 τῇ
921 1611 1283 1679 Mevania-&ov
1317 1604 1465 1658 ἄλλοι,
1487 1605 1537 1653 ἐν
1555 1612 1756 1676 Λυκείῳ.

131 1667 286 1707 docuit
315 1672 465 1707 autem
495 1667 770 1731 Protagoras
803 1660 891 1708 δύο
923 1660 1091 1717 λόγους
1123 1663 1246 1707 εἶναι
1277 1665 1385 1718 περὶ
1414 1662 1593 1714 παντὸς
1613 1655 1759 1721 πράγ-

129 1735 276 1789 ματος
305 1717 665 1774 ἀντικειμένους
696 1715 919 1789 ἀλλήλοις
950 1723 1100 1785 (Diog.
1134 1723 1186 1763 L
1220 1725 1258 1772 9,
1294 1724 1343 1763 51
1379 1728 1425 1763 et
1456 1723 1614 1775 Steph.
1650 1726 1758 1776 Byz.

129 1792 170 1819 v.
171 1770 426 1844 Αβδηρα);
459 1778 568 1817 item
597 1778 809 1843 Euripidi
840 1772 891 1818 ἐκ
911 1773 1089 1825 παντὸς
1111 1772 1170 1818 ἄν
1200 1792 1270 1825 τις
1290 1771 1567 1832 πράγματος
1590 1778 1761 1821 δισσῶν

131 1825 279 1887 λόγων
301 1829 465 1887 ἀγῶνα
487 1826 620 1874 θεῖτ’
643 1825 718 1884 ἄν,
753 1830 797 1875 εἰ
818 1831 971 1885 λέγειν
995 1832 1069 1887 εἴη
1092 1830 1239 1886 σοφός
1262 1833 1336 1886 (fr.
1360 1835 1471 1887 189),
1504 1840 1549 1876 et
1570 1840 1762 1887 quanto-

129 1902 236 1942 pere
269 1890 433 1929 amarit
462 1894 599 1942 poeta
630 1902 848 1942 personas
869 1902 975 1931 suas
997 1891 1203 1930 oratione
1228 1895 1459 1931 certantes
1491 1904 1759 1943 proponere,

130 1945 338 1998 singulae
377 1946 472 1985 fere
512 1948 745 1985 testantur
779 1945 1062 1998 tragoediae.
1123 1946 1176 1985 de
1209 1946 1413 1986 Socratis
1452 1952 1499 1986 et
1527 1948 1760 2000 Euripidis

131 2001 444 2041 familiaritate
461 2000 578 2040 nihil
601 2001 713 2040 certi
729 2006 947 2043 tenemus.
982 2001 1218 2042 Socratem
1235 2003 1573 2055 tragoediarum
1589 2004 1762 2045 socium

131 2058 270 2097 etiam
301 2056 478 2096 Callias
510 2057 620 2096 facit
642 2056 765 2098 Com.
796 2057 884 2098 vol.
905 2059 930 2097 2
961 2071 1004 2109 p.
1029 2059 1124 2107 739,
1159 2058 1322 2109 quibus
1345 2060 1613 2100 comicorum
1645 2060 1761 2101 iocis

129 2125 260 2152 nemo
297 2111 430 2153 fidem
465 2112 671 2153 habebit.
732 2112 1052 2154 admiratorem
1080 2114 1330 2178 Euripidis
1353 2115 1493 2155 fuisse
1528 2115 1761 2156 Socratem

131 2168 274 2208 facile
313 2168 537 2209 credimus
566 2167 760 2208 Aeliano
791 2169 843 2208 V.
875 2169 1010 2216 Η.2,
1044 2172 1116 2210 13:
1157 2164 1413 2233 Σωκράτης
1444 2165 1645 2211 σπάνιον
1674 2185 1762 2224 μεν

131 2218 362 2277 ἐπεφοίτα
392 2226 491 2271 τοῖς
508 2216 769 2286 ’‘steatoooe·
813 2223 864 2266 εἴ
885 2237 999 2266 ποτε
1031 2221 1086 2266 δε
1119 2219 1388 2288 Ευριπίδης
1419 2219 1444 2267 ὁ
1476 2225 1559 2291 τῇς
1590 2241 1762 2284 τραγῳ-

131 2278 239 2327 δίας
268 2275 470 2332 ποιητὴς
491 2272 746 2347 ἠγωνίζετο
766 2283 951 2328 καινοῖς
972 2280 1248 2347 τραγῳδοῖς,
1280 2275 1385 2323 τότε
1417 2294 1472 2349 γε
1491 2276 1760 2347 αφικνεῖτο.

130 2333 212 2376 καὶ
242 2335 468 2385 Πειραιοῖ
496 2332 548 2377 δε
581 2329 930 2405 αγωνιζομένου
953 2335 1036 2377 τοῦ
1042 2323 1328 2400 Εὐριπίδου
1348 2336 1428 2378 καὶ
1451 2331 1554 2379 ἐκεῖ
1546 2334 1758 2408 ,κατῄει-

132 2387 289 2459 ἔχαιρε
327 2405 415 2444 γαρ
447 2390 508 2446 τῷ
531 2385 684 2457 οἷνδρὶ
715 2384 938 2457 δηλονότι
970 2385 1052 2432 διά
1083 2405 1132 2434 τε
1164 2387 1249 2446 τήν
1281 2392 1457 2444 σοφίαν
1498 2387 1647 2435 αὐτοῦ
1676 2409 1758 2435 και

131 2444 219 2499 τὴν
256 2441 321 2488 ἐν
344 2450 443 2494 τοῖς
481 2433 670 2499 μέτροις
708 2440 896 2500 ἀρετήν.
954 2449 1101 2500 magis
1140 2448 1419 2489 dubitationi
1456 2449 1654 2490 obnoxia
1694 2456 1762 2490 est

129 2502 474 2543 narratiuncula
504 2515 530 2543 a
562 2504 782 2544 Cicerone
814 2505 951 2545 Tusc.
983 2509 1025 2556 4,
1055 2505 1123 2554 29,
1153 2505 1207 2546 63
1236 2504 1426 2545 tradita:
1458 2519 1546 2546 cum
1577 2505 1767 2549 Orestem.

128 2558 311 2607 fabulam
348 2560 520 2599 doceret
557 2559 806 2611 Euripides,
840 2561 1002 2611 primos
1041 2566 1130 2600 tres
1166 2573 1311 2600 versus
1348 2574 1570 2602 revocasse
1608 2563 1761 2602 dicitur

131 2613 344 2656 Socrates.
402 2627 587 2667 prorsus
616 2615 907 2655 incredibilia
938 2620 1042 2657 sunt
1082 2627 1198 2668 quae
1229 2616 1284 2662 de
1315 2616 1523 2658 Platonis
1557 2621 1601 2657 et
1631 2619 1760 2657 Euri·

131 2670 251 2736 pidis
293 2671 456 2711 itinere
499 2671 545 2710 in
576 2671 833 2723 Aegyptum
864 2675 1079 2724 suscepto
1118 2671 1349 2713 fabulatur
1377 2672 1510 2736 Diog.
1544 2674 1598 2716 L.
1631 2676 1676 2721 3,
1710 2674 1756 2712 6:

131 2720 275 2766 ἔνθεν
305 2739 356 2767 τε
378 2722 460 2791 εἰς
489 2725 754 2791 Αἴγυπτον
764 2726 916 2778 (Plato
946 2727 1180 2792 profectus
1211 2740 1259 2768 es
1265 2726 1302 2779 t)
1340 2740 1470 2781 παρα
1502 2742 1612 2775 τους
1631 2740 1758 2791 προ-

133 2774 305 2842 φήτας·
338 2794 395 2822 ου
426 2780 546 2845 φασὶ
576 2780 658 2822 καὶ
683 2774 963 2850 Ευριπίδην
976 2775 1104 2838 αὐτῷ
1126 2776 1466 2847 ακολουθῆσαι
1478 2781 1560 2824 καὶ
1582 2776 1758 2824 αυτόθι

133 2828 398 2887 νοσήσαντα
435 2831 551 2898 πρὸς
596 2836 688 2878 τῶν
730 2833 895 2907 ἱερέων
934 2826 1160 2891 απολυθῆ
1165 2852 1246 2879 ναι
1289 2837 1343 2893 τῇ
1385 2833 1468 2879 διοὶ
1514 2833 1758 2903 θαλαττης

133 2890 390 2943 θεραπείᾳ·
440 2882 557 2932 ὅθεν
592 2890 676 2933 καὶ
717 2889 871 2933 εἰπεῖν
908 2891 1023 2946 (Iph.
1060 2894 1112 2934 T.
1131 2853 1276 2945 η1193)
1319 2887 1563 2935 (θαλασσα
1600 2890 1756 2945 κλυζει
