2022 3126
773 93 1196 141 ΙΠΠΟΛΤΤΟΣ
1678 87 1778 137 443

131 246 250 297 ΘΗ.
320 247 492 310 οἴμοι·
520 232 637 292 τόδ’
667 231 786 291 οἷον
810 232 941 289 ἄλλο
961 234 1097 304 πρὸς
1125 238 1275 306 κακῷ
1301 230 1490 301 κακόν,

319 321 386 379 οὐ
412 319 609 392 τλητὸν
634 317 768 375 οὐδὲ
791 318 1000 374 λεκτόν.
1031 310 1074 372 ὦ
1098 317 1261 382 τάλας
1286 315 1409 387 ἐγώ.
1699 326 1779 371 875

130 416 243 464 XO.
311 415 369 463 τί
386 413 593 478 χρῆμα;
620 405 804 472 λέξον,
837 411 892 458 εἴ
909 408 966 457 τί
984 425 1075 473 μοι
1100 401 1269 472 λόγου
1293 402 1442 471 μέτα.

131 500 249 549 ΘΗ.
319 498 423 564 βοᾷ
446 495 551 563 βοᾷ
574 490 760 553 δέλτος
783 485 1006 543 ἄλαστα.
1036 493 1113 560 πᾷ
1138 485 1300 557 φύγω

317 576 484 647 βάρος
507 579 723 639 κακῶν;
749 569 854 628 ἀπὸ
886 570 990 643 γὰρ
1017 569 1277 642 ὀλόμενος
1300 577 1531 639 οἴχομαι,

320 657 438 716 οἷον
461 655 581 714 οἷον
612 657 761 713 εἶδον
789 659 848 712 έν
872 668 1111 728 γραφαῖς
1136 657 1234 726 μέλ
1239 677 1296 719 ος

321 743 710 816 φθεγγόμενον
734 742 971 812 τλάμων.
1701 745 1785 788 880

133 838 245 886 ΧΟ.
318 835 458 897 αιάῖ,
483 833 670 884 κακῶν
695 824 936 898 ἀρχηγὸν
961 828 1240 894 ἐκφαίνεις
1264 822 1447 893 λόγον.

134 921 244 970 ΘΗ
246 961 252 967 .
322 914 448 969 τόδε
473 913 575 984 μὲν
601 909 787 966 οὐκέτι
812 910 1075 981 στόματος
1100 911 1158 962 ἐν
1184 906 1381 971 πύλαις

320 1000 536 1064 καθέξω
563 997 997 1064 δυσεκπέρατον,
1028 991 1194 1047 ὀλοὸν

321 1082 518 1137 κακόν·
549 1079 612 1135 ἰω
638 1079 810 1143 πόλις.

315 1164 628 1230 Ἱππόλυτος
654 1162 820 1234 εὐνῆς
842 1169 936 1233 τῆς
960 1165 1090 1233 ἐμῆς
1115 1167 1239 1230 ἔτλη
1264 1168 1451 1229 θιγεῖν
1701 1169 1787 1213 885

321 1257 444 1324 βία,
471 1249 530 1305 τὸ
559 1246 764 1319 σεμνὸν
788 1246 966 1318 Ζηνὸς
990 1243 1118 1317 ὄμμ’
1148 1243 1427 1314 ἀτιμάσας.

324 1333 444 1391 ἀλλ’
474 1327 518 1389 ὦ
542 1334 710 1402 πάτερ
737 1332 1039 1401 Πόσειδον,
1066 1327 1128 1394 ἃς
1156 1332 1282 1400 ἐμοί
1306 1350 1436 1383 ποτε

325 1418 459 1491 ἀρὰς
481 1416 726 1488 ὑπέσχου
751 1429 922 1488 τρεῖς,
949 1422 1047 1489 μιᾷ
1070 1416 1401 1484 κατέργασαι

323 1505 537 1560 τούτων
561 1502 694 1574 ε’μόν
719 1498 894 1570 παῖδ’,
923 1498 1133 1571 ἡμέραν
1158 1499 1219 1554 δὲ
1248 1497 1320 1569 μὴ
1347 1496 1517 1568 φύγοι

326 1586 504 1660 τήνδ’,
535 1597 688 1658 εἴπερ
713 1583 845 1657 ἡμῖν
869 1583 1091 1650 ὤπασας
1115 1595 1309 1654 σαφεῖς
1333 1579 1481 1654 ἀράς.
1705 1592 1788 1636 890

142 1683 249 1732 XO.
327 1672 487 1744 ἅναξ,
516 1670 761 1743 ἆπεύχου
789 1675 960 1725 ταῦτα
985 1668 1120 1740 πρὸς
1147 1673 1302 1723 θεῶν
1325 1666 1518 1722 πάλιν·

325 1759 528 1829 γνώσει
553 1757 657 1828 γὰρ
684 1748 852 1820 αὖθις
877 1751 1194 1825 άμπλακών.
1222 1753 1342 1823 ἐμοὶ
1366 1756 1556 1806 πιθοῦ.

140 1851 257 1901 ΘΗ.
326 1841 428 1899 οὐκ
455 1849 593 1898 ἔστι·
626 1843 718 1896 καὶ
743 1839 879 1911 πρός
915 1835 968 1909 γ’
998 1841 1159 1905 ἐξελῶ
1187 1854 1295 1908 σφε
1318 1840 1481 1906 τῆσδε
1504 1841 1620 1906 γῆς,

327 1933 488 1984 δυοῖν
511 1927 573 1982 δὲ
596 1931 819 1997 μοίραιν
843 1924 1055 1996 θατέρᾳ
1079 1921 1430 1989 πεπλήξεται·

326 2010 361 2084 ἢ
387 2012 490 2083 γὰρ
516 2015 807 2066 Ποσειδῶν
833 2006 1006 2064 αὐτὸν
1032 2003 1313 2072 εἰς”Αιδου
1339 2005 1518 2071 πύλας
1709 2014 1791 2060 895

326 2097 575 2152 θανόντα
599 2097 800 2165 πέμψει
825 2091 919 2157 τὰς
943 2091 1073 2162 ἐμὰς
1097 2088 1231 2161 ἀρὰς
1256 2092 1453 2161 σέβων,

329 2178 363 2252 ἢ
388 2186 553 2253 τῆσδε
576 2179 754 2250 χώρας
778 2176 1024 2234 ε’κπεσων
1049 2173 1328 2246 ἀλώμενος

330 2268 491 2336 ξένην
519 2262 604 2320 ἐπ’
634 2263 761 2318 αἶαν
789 2261 1005 2330 λυπρὸν
1029 2258 1284 2330 ἀντλήσει
1308 2264 1449 2329 βίον.

144 2360 257 2408 ΧΟ.
326 2353 418 2405 καὶ
435 2352 546 2421 μὴν
571 2345 656 2403 ὅδ’
687 2345 851 2412 αὐτὸς
876 2358 1002 2410 παῖς
1025 2343 1118 2409 σὸς
1144 2350 1220 2409 εἰς
1240 2341 1436 2413 καιρὸν
1460 2340 1624 2411 πάρα,

323 2433 662 2498 Ἱππόλυτος·
690 2430 855 2502 ὀργῆς
883 2427 936 2485 δ’
972 2431 1178 2496 ε’ξανεὶς
1201 2433 1399 2499 κακῆς,
1426 2424 1559 2492 ἅναξ,
1711 2438 1794 2481 900

333 2524 542 2591 Θησεῦ,
566 2515 627 2572 τὸ
653 2522 865 2591 λῷστον
890 2527 1031 2570 σοῖσι
1055 2513 1355 2585 βούλευσαι
1381 2511 1583 2582 δόμοις.

149 2611 242 2662 ΙΙΙ.
329 2609 574 2674 κραυγῆς
598 2599 836 2666 ἀκούσας
862 2605 959 2670 σῆς
984 2596 1292 2704 αφικόμηνῗ,
1317 2596 1504 2665 πάτερ,

335 2692 576 2759 σπουδῇ·
602 2685 661 2741 τὸ
687 2687 873 2757 μέντοι
897 2681 1094 2755 πρᾶγμ’
1124 2680 1213 2788 ἐφ’
1244 2705 1286 2736 ω
1316 2705 1381 2738 τα
1413 2688 1523 2738 νῦν
1555 2684 1761 2746 στένεις

334 2769 437 2828 οὐκ
462 2771 612 2841 οἶδα,
640 2775 945 2841 βουλοίμην
967 2765 1021 2822 δ’
1053 2763 1122 2822 α“ν
1147 2770 1206 2822 ἐκ
1230 2767 1398 2821 σέθεν
1421 2763 1629 2820 κλύειν.

337 2861 399 2912 εά
416 2900 430 2913 .
455 2862 513 2911 τί
533 2861 738 2927 χρῆμα;
762 2852 868 2925 σὴν
892 2849 1134 2923 δάμαρθ’
1165 2848 1277 2919 ὁρῶ
1292 2893 1306 2920 ,
1336 2850 1522 2918 πάτερ,
1715 2858 1798 2903 905
