2022 3126
86 2769 200 2820 XO.

762 80 1031 127 BAKXAI
1635 76 1734 129 127

273 222 442 293 κόρας
469 216 769 289 ἑλι’σσουσ’,
795 216 863 274 οὐ
891 216 1165 290 φρονοῦσ’
1196 215 1230 273 ὁὶ
1251 217 1354 290 χρὴ
1381 232 1630 291 φρονεῖν,

269 311 329 363 ἐκ
353 312 597 376 Βακχίου
621 299 898 372 κατείχετ’,
923 299 1047 358 οὐδ’
1076 305 1272 358 ἔπειθέ
1289 325 1398 357 νιν.

269 397 518 463 λαβοῦσα
544 386 597 445 δ’
627 385 856 452 ωλέναις
881 385 1177 459 ἀριστερὰν
1200 390 1350 459 χέρα,
1632 404 1736 445 1125

269 484 599 548 πλευραῖσιν
624 471 892 543 ἀντιβᾶσα
916 477 1016 526 τοῦ
1041 476 1412 543 δυσδαίμονος

272 558 656 631 ἀπεσπάραξεν
682 580 862 627 ωμον,
892 553 993 627 οὐχ
1016 554 1127 612 ὑπὸ
1152 560 1409 627 σθένους,

272 642 383 701 ἀλλ’
413 641 441 699 ὁ
465 642 600 708 θεὸς
628 640 930 714 εὐμάρειαν
953 645 1216 697 ἐπεδίδου
1238 654 1441 714 χεροῖν.

260 727 377 786 ’1νώ
412 730 472 785 δὲ
497 726 628 784 ταπὶ
653 724 837 798 θάτερ’
868 727 1202 798 ἐξειργάζετο

272 818 524 887 ῥηγνῦσα
549 814 781 886 σάρκας,
806 809 1065 884 Αὐτονόη
1091 809 1130 866 τ’
1160 809 1317 881 όχλος
1343 833 1401 866 τε
1426 817 1531 877 πᾶς
1631 827 1736 868 1130

274 903 455 1006 ε’πεῖχε
482 903 738 969 Βακχῶν·
766 899 835 968 ην
866 898 927 953 δὲ
951 894 1081 953 πᾶσ’
1113 893 1256 967 ὁμοῦ
1280 896 1412 968 βοή,

264 986 296 1042 ὃ
325 984 427 1055 μὲν
452 983 725 1050 στενάζων
748 979 883 1038 ὅσον
908 983 1210 1053 ἐτύγχανεν
1235 984 1437 1048 πνέων,

270 1065 404 1127 αἵδ’
430 1066 716 1140 ἠλάλαζον.
763 1074 929 1138 ἔφερε
955 1073 987 1122 δ
996 1065 1007 1084 ’
1031 1063 1067 1141 ἢ
1093 1067 1195 1138 μὲν
1221 1064 1452 1137 ὠλένην,

264 1153 301 1225 ἢ
334 1150 386 1209 δ’
418 1162 567 1224 ι”χνος
590 1150 785 1218 αὐταῖς
810 1149 1103 1224 ἀρβύλαις·
1143 1158 1458 1222 γυμνοῦντο
1483 1151 1544 1207 δὲ

268 1240 505 1312 πλευραὶ
529 1251 872 1309 σπαραγμοῖς
888 1256 898 1266 ·
933 1243 1080 1293 πᾶσα
1106 1242 1139 1292 δ
1147 1234 1159 1253 ’
1189 1234 1517 1308 ’ᾑματωμένη
1627 1251 1735 1293 1135

268 1336 478 1394 χεῖρας,
506 1328 847 1394 διεσφαίριζε
871 1323 1047 1394 σάρκα
1070 1325 1354 1386 Πενθέως.

270 1421 445 1463 κεῖται
477 1408 539 1464 δὲ
569 1411 735 1479 χωρὶς
758 1414 939 1478 σῶμα,
969 1407 1027 1463 τὸ
1054 1409 1155 1478 μὲν
1183 1404 1289 1463 ὑπὸ
1321 1414 1588 1477 στύφλοις

269 1495 521 1563 πέτραις,
548 1491 608 1548 τὸ
636 1491 686 1548 δ’
716 1490 851 1564 ὕλης
876 1497 934 1548 ἐν
958 1492 1261 1565 βαθυξύλῳ
1288 1491 1454 1563 φόβῃ,

271 1575 339 1632 οὐ
365 1578 562 1651 ῥᾴδιον
584 1578 816 1649 ζήτημα·
851 1585 1022 1649 κρᾶτα
1048 1575 1101 1632 δ’
1139 1576 1358 1646 ἄθλιον,

271 1658 406 1733 ὅπερ
431 1668 681 1733 λαβοῦσα
703 1663 962 1734 τυγχάνει
989 1662 1165 1734 μήτηρ
1197 1675 1400 1733 χεροῖν,
1626 1676 1736 1717 1140

271 1745 469 1818 πήξασ’
488 1744 564 1803 ἐπ’
600 1744 771 1818 ἄκρον
802 1748 1021 1818 θύρσον
1047 1744 1118 1811 ὡς
1146 1745 1440 1819 ὀρεστέρου

275 1834 434 1903 φέρει
459 1835 680 1896 λέοντος
707 1831 798 1887 διὰ
822 1839 1181 1903 Κιθαιρῶνος
1206 1834 1396 1903 μέσου,

269 1914 492 1972 λιποῦσ’
522 1914 766 1988 ἀδελφὰς
793 1920 852 1972 ἐν
875 1927 1094 1988 “χοροῖσι
1118 1916 1449 1972 Μαινάδων.

268 2015 437 2072 χωρεῖ
458 2002 518 2057 δὲ
542 2003 692 2075 θήρα
725 2003 1022 2077 δυσπότμῳ
1046 2003 1400 2075 γαυρουμένη

272 2089 494 2157 τειχέων
521 2093 626 2142 ἔσω
652 2085 844 2157 τῶνδ’,
871 2086 1227 2143 ἀνακαλοῦσα
1251 2087 1492 2157 Βάκχιον
1622 2104 1732 2143 1145

271 2171 368 2226 τὸν
392 2172 772 2242 ξυγκύναγον,
799 2170 894 2227 τὸν
927 2173 1268 2244 ξυνεργάτην
1294 2170 1466 2243 ἄγρας

271 2255 368 2311 τὸν
390 2263 739 2326 καλλίνικον,
767 2250 801 2330 ᾗ
828 2258 1042 2329 δάκρυα
1065 2270 1376 2330 νικηφορεῖ.

271 2338 377 2412 ε’γώ
401 2342 503 2412 μὲν
527 2334 632 2398 οὖν
657 2341 779 2414 τῇδ’
809 2342 1062 2399 ἐκποδών
1085 2350 1150 2415 τῇ
1176 2349 1433 2415 ξυμφορᾷ

273 2423 472 2497 ἄπειμ’,
491 2424 732 2498 Ἀγαύην
758 2429 891 2499 πρὶν
917 2436 1110 2499 μολεῖν
1136 2427 1272 2499 πρὸς
1297 2427 1538 2498 δώματα.

270 2509 330 2564 τὸ
356 2525 671 2583 σωφρονεῖν
699 2514 760 2569 δὲ
784 2515 876 2568 καὶ
901 2516 1084 2584 σέβειν
1116 2512 1182 2567 τὰ
1208 2519 1319 2567 τῶν
1342 2518 1497 2568 θεῶν
1628 2525 1736 2568 1150

272 2594 591 2651 κάλλιστον·
620 2596 769 2667 οἶμαι
795 2595 848 2652 δ’
880 2596 1014 2652 αὐτὸ
1039 2600 1132 2652 καὶ
1161 2597 1486 2668 σοφώτατον

275 2688 565 2749 θνητοῖσιν
590 2681 732 2737 εἶναι
759 2688 936 2753 κτῆμα
960 2696 1101 2738 τοῖσι
1125 2684 1442 2754 χρωμένοις.

274 2761 735 2837 ἀναχορεύσωμεν
758 2767 1013 2838 Βάκχιον,

271 2846 671 2921 ἀναβοάσωμεν
695 2851 987 2922 ξυμφορὰν
