2022 3126
229 81 330 132 318
808 82 1256 128 ΗΡΑΚΛΕΙΔΑΙ

404 215 463 278 ὃς
484 212 659 270 πολλὰ
684 215 784 284 μὲν
805 213 903 268 τὸν
925 211 1055 268 ὄνθ’
1082 211 1226 267 ὅπου
1256 211 1360 267 ’στὶ
1378 219 1486 268 νῦν
1505 217 1642 286 ἐμὸν

403 283 553 338 παῖδ’
578 282 837 368 ἠξίωσας,
861 286 902 337 ὠ
926 281 1220 370 πανοῦργ’,
1243 286 1567 354 ἐφυβρίσαι·

403 358 476 419 [τί
493 375 596 423 γαρ
617 351 687 406 σύ
708 364 894 408 κεῖνον
917 351 1019 407 οὐκ
1042 358 1195 438 ἔτλης
1216 359 1554 424 καθυβρίσαι
1568 364 1603 426 3]

403 421 462 488 ὂς
484 426 572 477 καὶ
594 421 721 492 παρ’
745 421 937 511 ’ᾼιδήν
959 422 1133 488 ζωντά
1154 445 1244 477 νιν
1267 426 1586 495 κατήγαγες,

401 492 575 563 ὕδρας
591 492 816 557 λέοντάς
835 491 882 547 τ’
910 493 1274 567 ἐξαπολλύναι
1294 496 1472 579 λέγων
1808 510 1893 554 950

403 568 653 632 ἔπεμπες.
684 560 821 616 ἄλλα
842 561 894 617 δ’
920 561 989 617 οἷ’
1017 564 1268 648 ε’μήχανω
1288 562 1429 617 κακὰ

402 651 565 720 σιγω·
573 631 799 721 μακρὸς
818 655 923 702 γαρ
951 638 1132 702 μῦθος
1152 628 1223 686 ἂν
1244 633 1460 702 γένοιτό
1481 657 1590 704 μοι.

407 702 547 758 κούκ
565 702 797 788 ήρκεσέν
818 720 905 756 σοι
926 708 1096 757 ταῦτα
1117 709 1381 792 τολμῆσαι
1405 703 1595 787 μόνον,

404 770 524 828 ἀλλ’
552 775 604 839 ἐξ
625 770 836 842 ἁπασής
857 771 994 843 καμὲ
1014 776 1104 827 καὶ
1123 771 1271 827 τέκν’
1299 772 1554 839 Ἑλλάδος

402 842 683 927 ήλαυνες
661 845 838 907 ικέτας
863 843 1145 929 δαιμόνων
1163 845 1534 931 καθημένους,
1811 858 1893 901 955

404 912 535 976 τοὺς
554 935 654 985 μεν
674 915 952 1000 γέροντας,
975 911 1105 977 τούς
1125 912 1184 967 δὲ
1206 918 1448 1003 νηπίους
1462 918 1553 968 ἔτι.

407 981 529 1038 ἀλλ’
525 985 714 1070 ηὗρες
735 982 941 1053 ἄνδρας
962 984 1052 1037 καὶ
1071 982 1292 1052 πόλισμ’
1323 982 1643 1053 ἐλεύθερον,

405 1056 460 1107 οί
484 1051 536 1106 σ’
568 1050 672 1107 οὐκ
693 1057 927 1134 ἔδεισαν.
950 1056 1036 1106 δεῖ
1053 1070 1112 1106 σε
1134 1063 1433 1109 κατθανεῖν
1435 1060 1652 1140 κακῶς,

403 1125 493 1177 καὶ
507 1127 798 1207 κερδανεῖς
819 1120 1057 1177 ἅπαντα
1090 1128 1227 1210 χρῆν
1256 1123 1359 1194 γὰρ
1382 1121 1484 1193 οὐχ
1505 1122 1644 1188 ἅπαξ

404 1191 698 1281 θνήσκειν
694 1192 755 1246 σε
776 1191 951 1247 πολλὰ
972 1191 1173 1262 πήματ’
1199 1195 1634 1263 εξειργασμένον.
1813 1204 1898 1248 960

231 1268 332 1317 ΑΓ
329 1268 385 1315 Γ
405 1261 510 1318 οὐκ
532 1261 643 1317 ἔστ’
669 1260 913 1318 ἀνυστὸν
934 1263 1097 1318 τόνδε
1116 1281 1204 1318 σοι
1224 1276 1603 1320 κατακτανεῖν.

234 1340 343 1388 ΑΛ.
409 1331 629 1397 αλλως’
608 1355 676 1403 αρ
729 1331 902 1387 αὐτὸν
925 1334 1267 1403 αἰχμάλωτον
1288 1337 1522 1421 εἵλομεν.

408 1410 577 1472 εἰργει
598 1404 658 1456 δε
679 1402 746 1473 δὴ
769 1409 848 1467 τίς
868 1404 1030 1457 τόνδε
1052 1404 1124 1473 μὴ
1145 1412 1343 1458 θανεῖν
1362 1404 1557 1492 νόμος·
1546 1446 1559 1469 ,

234 1478 390 1528 ΑΓΓ.
416 1484 528 1537 τοῖς
536 1477 713 1560 τῆσδε
738 1473 918 1543 χώρας
937 1490 1328 1561 προσταταισιν
1350 1473 1418 1529 οὐ
1441 1479 1606 1529 δοκεῖ.

232 1550 346 1598 {A
405 1548 460 1597 τί
487 1542 562 1631 δή
576 1541 727 1597 τόδ·
716 1567 728 1609 ;
762 1543 999 1613 ἐχθρους
1019 1543 1213 1598 τοισίδ’
1246 1543 1313 1598 οὐ
1335 1543 1508 1600 καλὸν
1527 1554 1777 1609 κτανεῖν;
1815 1554 1897 1598 965

231 1618 387 1668 ΑΓΓ.
407 1610 508 1704 οὐχ
531 1613 687 1667 ὅντιν
694 1611 801 1666 ’ἄν
822 1636 885 1684 γε
904 1612 1076 1679 ζῶνθ’
1101 1616 1301 1669 ἕλωσιν
1323 1617 1384 1669 ἐν
1404 1614 1562 1685 μάχῃ.

232 1691 346 1738 AA.
407 1686 497 1737 καὶ
518 1689 690 1738 ταῦτα
716 1681 945 1748 δόξανθ
976 1681 1166 1749 ’Τλλος
1185 1687 1523 1773 έξηνέσχετο;

231 1758 392 1808 ΑΓΓ.
411 1758 551 1837 χρῆν
594 1750 647 1807 δ’
695 1751 869 1809 αὐτόν
881 1751 1092 1824 ,οἶμαι
1115 1753 1238 1845 τῆδ’
1269 1752 1576 1842 ἀπιστῆσαι
1585 1757 1762 1822 χθονί.

234 1830 347 1878 AA.
411 1830 550 1911 χρῆν
571 1824 734 1878 τόνδε
756 1823 828 1894 μὴ
850 1829 945 1894 ζῆν
965 1824 1096 1894 μηδ’
1122 1825 1192 1879 ἔτ’
1233 1825 1459 1890 εἰσορᾶν
1498 1824 1651 1891 φάος.

233 1899 389 1948 ΑΓΓ.
408 1891 522 1947 τότ’
549 1892 793 1983 ἠδικήθη
815 1915 1036 1962 πρωτον
1058 1893 1125 1949 οὐ
1147 1895 1345 1950 θανων
1364 1893 1473 1948 ὅδε.
1815 1902 1899 1947 970

233 1971 348 2018 ΑΛ.
414 1962 627 2018 οὔκουν
648 1963 717 2017 ἔτ’
739 1965 885 2018 εστὶν
905 1965 966 2017 ἐν
984 1971 1134 2018 καλω
1155 1968 1353 2019 δοῦναι
1373 1968 1560 2032 δίκην·
1547 2004 1562 2029 ,

233 2038 391 2088 ΑΓΓ.
412 2031 516 2088 οὐκ
538 2037 651 2087 ἔστι
668 2040 869 2087 τοῦτον
888 2031 1036 2098 ὅστις
1056 2031 1125 2088 ἂν
1145 2033 1490 2088 κατακτάνοι.

232 2110 348 2159 ΑΛ.
414 2107 610 2188 ἔγωγε·
635 2108 811 2157 καίτοι
833 2106 971 2172 φημὶ
992 2101 1120 2174 κᾶμ’
1147 2102 1290 2158 εἷναί
1315 2125 1455 2158 τινα.

236 2178 396 2228 ΑΓΓ.
415 2171 626 2242 πολλὴν
644 2170 865 2243 ὑφέξεις
885 2176 1114 2263 μέμψιν,
1138 2178 1187 2228 εἰ
1209 2173 1429 2243 δράσεις
1448 2172 1591 2227 τόδε.

236 2251 351 2298 AA.
412 2249 559 2312 φιλω
580 2244 744 2297 πόλιν
764 2240 942 2313 τήνδ’·
969 2217 1137 2298 οὐδεν
1160 2242 1528 2298 ἀντιλεκτέον.
1815 2251 1900 2296 975

403 2319 605 2367 τοῦτον
625 2311 678 2367 δ’
686 2315 951 2400 ,ἐπείπερ
963 2326 1145 2383 χεῖρας
1165 2308 1341 2383 ἦλθεν
1363 2318 1438 2378 εἰς
1460 2313 1607 2383 ἐμάς,

409 2380 515 2436 οὐκ
537 2388 650 2437 ἔστι
670 2388 898 2467 θνήτων
919 2383 1068 2448 ὅστις
1090 2384 1441 2470 ἐξαιρήσεται.

411 2452 548 2520 πρὸς
568 2459 740 2507 ταῦτα
759 2452 860 2523 τὴν
880 2462 1150 2524 θρασεῖαν
1171 2452 1321 2519 ὅστις
1338 2450 1407 2508 ὖὶν
1424 2454 1596 2537 θέλῃ

412 2525 502 2576 καὶ
521 2521 623 2593 τῆν
643 2529 969 2612 φρονοῦσαν
988 2520 1215 2612 μεῖζον
1192 2522 1225 2594 η’
1246 2536 1480 2609 γυναῖκα
1501 2520 1602 2592 χρὴ

412 2595 576 2658 λέξει
599 2594 658 2648 τὸ
685 2592 736 2648 δ’
764 2597 930 2663 ἔργον
949 2592 1101 2648 τοῦτ’
1120 2595 1265 2680 ἐμοὶῗ
1272 2593 1615 2679 πεπράξεται
1818 2601 1902 2646 980

248 2669 356 2717 ΧΟ.
416 2663 603 2718 δεινόν
629 2686 680 2718 τι
700 2666 788 2718 καὶ
796 2665 1197 2750 συγγνωστόν,
1220 2665 1261 2718 ὠ
1285 2664 1480 2750 γύναι,
1505 2659 1558 2716 σ’
1585 2665 1691 2731 ἔχει

413 2743 572 2801 μῖσος
604 2734 741 2818 προς
753 2732 952 2821 ανδρα
970 2732 1160 2803 τόνδε,
1181 2734 1483 2818 γιγνώσκω
1491 2737 1685 2795 καλῶς.

247 2808 353 2858 ΕΤ.
416 2803 607 2874 γύναι,
631 2801 765 2873 σάφ’
792 2811 912 2859 ἴσθι
937 2804 1009 2870 μή
1031 2825 1096 2873 με
1115 2802 1484 2859 θωπεύσοντά
1507 2817 1586 2860 σε..
