2022 3126
801 71 1053 118 EAENH
1659 62 1760 115 233
1849 77 1851 79 ’

300 219 437 276 ἰδὼν
461 218 528 274 δέ
548 239 640 272 νιν
662 212 937 285 παρόντας
959 208 1186 281 Ἀτρέως
1211 208 1373 279 γόνος

298 314 560 377 προσεῖπε
583 298 771 355 δόλιον
795 296 980 352 οἶκτον
1005 300 1080 359 εἰς
1104 295 1271 364 μέσον
1296 293 1509 364 φέρων·

301 390 341 443 ὦ
366 386 654 457 τλήμονες,
682 387 797 445 πῶς
823 384 880 436 ἐκ
903 385 1053 443 τίνος
1075 377 1214 441 νεώς
1237 398 1367 432 ποτε

292 469 562 542 Αχαιίδος
585 463 932 539 θραύσαντες
955 460 1115 534 ήκετε
1138 461 1374 531 σκάφος·
1362 504 1375 528 ,

303 552 391 627 ἄρ’
419 551 648 624 Ἀτρέως
672 546 824 606 παῖδ’
853 545 1123 618 ὀλόμενον
1146 545 1481 614 συνθάψετε,
1656 559 1763 602 1545

299 637 365 695 ὃν
396 637 670 708 Τυνδαρὶς
693 647 818 698 παῖς
842 630 931 730 ήδ’
961 629 1168 687 ἀπόντα
1190 642 1514 701 κενοταφεῖ;

300 729 355 779 οἳ
377 720 430 780 δ’
458 718 780 792 ἐκβαλόντες
811 712 1028 787 δάκρυα
1055 720 1261 788 ποιητῷ
1285 712 1487 788 τρόπῳ,

305 813 381 872 εἰς
402 811 548 862 ναῦν
570 803 814 875 ἐχώρουν
837 803 1104 873 Μενέλεῳ
1130 803 1460 869 κτερίσματα

304 893 581 962 φέροντες.
609 886 740 958 ἡμῖν
765 883 822 942 δ’
855 878 926 956 ῆν
948 884 1048 956 μὲν
1072 879 1164 954 ἥδ’
1192 881 1406 947 ὑποψία

305 975 465 1046 λόγος
488 971 541 1028 τ’
573 975 632 1028 ἐν
656 969 967 1042 ἀλλήλοισι,
997 974 1108 1023 τῶν
1134 970 1474 1036 ἐπεισβατῶν
1661 981 1769 1022 1550

306 1057 378 1123 ὡς
400 1064 613 1128 πλῆθος
638 1063 721 1127 εἴη
739 1074 750 1084 ·
779 1057 1159 1122 διεσιωπῶμεν
1185 1048 1236 1106 δ’
1266 1047 1413 1121 ὅμως

304 1141 431 1207 τοὺς
454 1140 587 1205 σούς
615 1139 810 1211 λόγους
835 1138 1095 1205 σώζοντες
1111 1154 1122 1164 ·
1151 1132 1341 1207 ἄρχειν
1367 1134 1470 1206 γὰρ
1494 1132 1633 1200 νεὼς

306 1228 464 1294 ξένον
486 1224 751 1288 κελεύσας
776 1223 952 1279 πάντα
980 1221 1241 1290 συνέχεας
1265 1218 1410 1275 τάδε.

305 1312 398 1367 καὶ
421 1306 590 1365 τᾶλλα
614 1309 715 1379 μὲν
740 1306 808 1378 δὴ
835 1310 1038 1380 ῥᾳδίως
1063 1312 1190 1360 εἴσω
1214 1301 1353 1368 νει-ὸς

308 1396 552 1465 ἐθέμεθα
577 1398 910 1461 κουφίζοντα
927 1410 937 1418 ·
967 1386 1219 1460 ταύρειος
1243 1386 1305 1443 δὲ
1329 1384 1467 1451 ποὺς
1665 1401 1770 1442 1555

304 1477 407 1535 οὐκ
432 1474 593 1549 ἤθελ’
622 1474 793 1547 ὀρθὸς
817 1479 1016 1531 σανίδα
1043 1477 1350 1543 προσβῆναι
1375 1470 1527 1541 κάτα,

307 1560 426 1618 ἀλλ’
457 1556 772 1633 ἐξεβρυχᾶτ’
802 1555 928 1630 ὄμμ’
958 1556 1320 1629 ἀναστρέφων
1345 1555 1548 1629 κύκλῳ,

308 1652 527 1718 κυρτῶν
550 1667 608 1700 τε
631 1650 779 1699 νῶτα
804 1649 918 1707 κείς
941 1644 1103 1713 κέρας
1126 1641 1526 1711 παρεμβλέπων

313 1730 385 1802 μὴ
410 1729 704 1802 θιγγάνειν
729 1725 1006 1799 ἀπεῖργεν.
1040 1723 1068 1779 ὁ
1096 1722 1148 1780 δ’
1174 1722 1389 1795 Ἑλένης
1412 1723 1567 1789 πόσις

313 1818 626 1875 ἐκέλευσεν·
664 1809 707 1871 ὦ
737 1815 1037 1886 πέρσαντες
1063 1811 1228 1870 Ἰλίου
1261 1810 1444 1880 πόλιν,
1669 1820 1775 1863 1560

315 1895 417 1954 οὐκ
443 1895 509 1954 εἶ’
538 1895 952 1968 ἀναρπάσαντες
973 1892 1250 1964 Ἑλλήνων
1272 1892 1422 1966 νόμῳ

316 1988 562 2047 νεανίαις
586 1979 780 2051 ὤμοισι
808 1980 1067 2050 ταύρειον
1092 1980 1257 2048 δέμας

316 2073 390 2133 εἰς
415 2073 643 2141 πρῷραν
667 2068 948 2135 ἐμβαλεῖτε
972 2061 1283 2133 (φάσγανόν
1308 2057 1368 2115 θ’
1399 2056 1508 2129 ἅμα

317 2151 612 2222 πρόχειρον
637 2146 794 2211 ὠθεῖ)
822 2148 1030 2219 σφάγια
1053 2152 1128 2220 τῷ
1155 2143 1475 2215 τεθνηκότι;

317 2238 373 2290 οἳ
399 2231 450 2290 δ’
484 2240 560 2300 εἰς
582 2229 839 2303 κέλευσμ’
867 2231 1124 2295 ἐλθόντες
1155 2229 1536 2299 ἐξανήρπασαν
1671 2242 1779 2282 1565

318 2324 551 2390 ταῦρον,
581 2319 843 2384 φέροντες
869 2311 921 2366 δ’
953 2315 1234 2366 εἰσέθεντο
1265 2314 1517 2380 σέλματα.

318 2402 681 2474 μονάμπυκον
704 2401 765 2457 δὲ
789 2402 1083 2463 Μενέλεως
1105 2397 1297 2469 ψήχων
1323 2398 1491 2466 δέρην

319 2487 540 2558 μέτωπά
563 2485 610 2542 τ’
643 2488 915 2552 ἐξέπεισεν
946 2489 1193 2555 εἰσβῆναι
1218 2478 1375 2552 δόρυ.

318 2572 468 2635 τέλος
493 2569 546 2626 δ’
575 2568 763 2641 ἐπειδὴ
787 2575 926 2634 ναῦς
949 2567 1013 2623 τὰ
1037 2562 1195 2623 πάντ’
1224 2567 1458 2633 ἐδέξατο,

324 2654 573 2724 πλήσασα
597 2659 963 2725 κλιμακτῆρας
989 2649 1277 2721 εὐσφύρου
1302 2646 1470 2711 ποδὸς
1675 2655 1783 2702 1570

328 2739 503 2810 Ελένη
528 2735 777 2806 καθέζετ’
805 2740 865 2792 ἐν
889 2739 1072 2808 μέσοις
1097 2736 1344 2798 ἑδωλίοις

325 2818 357 2876 ὅ
381 2818 429 2876 τ’
457 2820 639 2878 οὐκέτ’
668 2819 747 2877 ὢν
770 2821 982 2892 λόγοισι
1006 2820 1302 2882 Μενέλεως
1325 2815 1516 2878 πέλας·
