2022 3126
261 84 360 136 354

646 85 981 132 ΗΡΑΚΛΗΣ
1012 85 1206 132 ΜΑΙΝ
1213 85 1325 131 ΟΜ
1323 85 1419 131 ΕΝ
1425 85 1517 131 ΟΣ

449 233 660 298 φοίνικι
685 223 878 279 κανόνι
903 225 996 278 καὶ
1025 222 1209 287 τύκοις
1233 220 1552 294 ἡρμοσμένα
1828 237 1911 281 945

449 315 694 383 στρεπτῷ
719 307 927 382 σιδήρῳ
952 307 1369 377 συντριαινωσω
1397 304 1581 362 πάλιν.

450 400 508 452 ἐκ
534 399 700 451 τοῦδε
727 399 938 463 βαίνων
961 389 1156 462 ἅρματ’
1187 389 1290 446 οὐκ
1316 397 1456 462 ἔχων
1481 398 1624 462 ἔχειν

453 487 685 551 ἔφασκε,
712 482 919 582 δίφρου
944 474 999 532 δ’
1032 473 1384 547 εισέβαινεν’
1362 474 1574 547 άντυγα

451 561 706 633 καθεινε,
733 564 963 632 κέντρον
987 566 1165 631 δῆθεν
1191 558 1262 625 ὡς
1287 567 1427 631 ἔχων
1449 567 1584 633 χερί.

455 654 684 712 διπλοῦς
714 644 766 701 δ’
797 644 1023 710 ὀπαδοῖς
1046 647 1116 716 ἠν
1143 648 1313 716 γέλως
1338 645 1512 716 φόβος
1534 642 1596 701 θ’
1627 642 1780 717 ὁμοῦ.
1834 660 1916 704 950

451 740 548 789 καί
567 757 645 797 τις
668 728 785 787 τόδ’
822 730 1001 799 εἶπεν,
1028 728 1188 795 άλλος
1212 735 1288 795 εἰς
1312 728 1481 785 άλλον
1506 732 1752 801 δρακών

453 825 628 887 παίζει
653 815 787 887 πρὸς
811 813 948 886 ἡμᾶς
973 774 1237 886 δεσπότης
1260 810 1297 886 ἦ
1322 821 1602 886 μαίνεται;

453 901 481 958 ὃ
507 901 559 959 δ’
592 898 735 973 εἷρπ’
765 898 878 955 ἅνω
905 922 962 955 τε
987 902 1079 955 καὶ
1103 900 1247 955 κάτω
1271 898 1408 955 κατὰ
1432 902 1641 971 στέγας,

452 991 620 1059 μέσον
645 983 697 1042 δ’
729 988 780 1050 ἐς
807 982 1047 1055 ἀνδρῶν’
1079 983 1347 1040 εἰσπεσών
1370 990 1555 1039 Νίσου
1579 984 1741 1040 πόλιν

455 1070 612 1144 ἥκειν
637 1078 868 1143 ἔφασκε,
896 1070 1164 1140 δωμάτων
1191 1078 1319 1125 εἴσω
1345 1069 1537 1140 βεβώς.
1837 1082 1919 1126 955

458 1159 669 1221 κλιθεὶς
695 1154 747 1211 δ’
778 1159 830 1220 ές
859 1147 1027 1219 οῦδας
1052 1153 1124 1219 ὡς
1151 1161 1258 1224 ἔχει
1284 1154 1601 1221 σκευάζεται

459 1249 676 1313 θοίνην.
725 1238 969 1296 διελθών
1000 1237 1052 1294 δ’
1087 1246 1160 1304 εἰς
1187 1239 1400 1310 βραχύν
1424 1239 1626 1309 χρόνον
1649 1244 1834 1309 μονῆς,

448 1324 669 1398 Ἰσθμοῦ
692 1331 926 1389 ναπαίας
953 1330 1104 1395 ἔλεγε
1129 1330 1489 1396 προσβαίνειν
1513 1323 1736 1387 πλάκας.

458 1409 747 1468 κάνταῦθα
776 1408 991 1481 γυμνὸν
1015 1416 1170 1481 σῶμα
1193 1411 1315 1473 θεὶς
1340 1408 1726 1478 πορπαμάτων,

457 1495 592 1566 πρὸς
615 1492 802 1553 οὐδέν’
832 1493 1094 1566 ἡμιλλᾶτο
1120 1492 1497 1567 κάκηρύσσετο
1837 1505 1921 1548 960

457 1579 622 1646 αὐτὸς
646 1580 781 1651 πρὸς
805 1577 979 1635 αὑτοῦ
1007 1586 1320 1643 καλλίνικος
1345 1575 1576 1642 οὐδενὸς

459 1665 630 1737 ἀκοὴν
655 1663 922 1721 ὑπειπών.
968 1668 1124 1721 δεινὰ
1151 1662 1204 1719 δ’
1233 1661 1530 1733 Εὐρυσθεῖ
1548 1663 1768 1733 βρέμων

464 1744 583 1822 ἦν’
558 1774 617 1807 εν
640 1750 938 1821 Μυκήναις
962 1773 1035 1804 τω
1061 1749 1224 1823 λόγω.
1272 1747 1449 1819 πατὴρ
1475 1750 1541 1803 δέ
1561 1771 1652 1802 νιν

459 1835 641 1906 θιγων
665 1842 924 1906 κραταιᾶς
947 1833 1125 1906 χειρὸς
1150 1836 1367 1889 ἐννέπει
1393 1833 1548 1888 τάδε·

464 1923 504 1975 ὠ
535 1934 658 1991 παῖ,
690 1927 746 1975 τί
765 1920 1014 1990 πάσχεις·
1002 1963 1015 1986 ,
1041 1925 1122 1984 τίς
1147 1916 1175 1974 ὁ
1201 1919 1401 1988 τρόπος
1425 1917 1702 1983 ξενώσεως
1840 1930 1922 1973 965

460 2004 637 2076 τῆσδ’;
668 2002 736 2060 ού
760 2011 816 2060 τί
839 2027 945 2060 που
971 2004 1140 2075 φόνος
1165 2002 1217 2058 6'
1247 2003 1578 2074 ἐβάκχευσεν
1603 2007 1837 2072 νεκρῶν,

459 2087 555 2154 οὓς
581 2087 703 2160 ἄρτι
727 2095 963 2155 καίνεις;
989 2084 1019 2143 ὃ
1038 2090 1102 2143 δέ
1121 2111 1213 2143 νιν
1234 2085 1579 2159 Εὐρυσθέως
1605 2090 1788 2140 δοκῶν

460 2176 665 2245 πατέρα
690 2169 1106 2245 προταρβοῦνθ’
1138 2173 1342 2228 ἱκέσιον
1365 2172 1569 2237 ψαύειν
1595 2170 1768 2241 χερός,

463 2257 626 2329 ὠθεῖ,
655 2260 934 2330 φαρέτραν
959 2254 1011 2313 δ’
1043 2254 1278 2328 εὐτρεπῆ
1303 2257 1619 2324 σκευάζεται

462 2345 554 2398 καὶ
578 2341 688 2410 τόξ’
718 2345 918 2400 εαυτοῦ
942 2348 1121 2411 παισί,
1148 2365 1276 2406 τους
1301 2339 1645 2413 Εὐρυσθέως
1840 2351 1922 2397 970

464 2434 643 2484 δοκωυ
669 2428 948 2499 φονεύειν.
999 2448 1055 2482 οι
1073 2427 1133 2482 δε
1157 2432 1489 2497 ταρβοῦντες
1502 2425 1672 2529 φόβῳ

465 2535 681 2583 ωρουον
706 2511 867 2577 άλλος
893 2508 1078 2567 άλλοσ’
1085 2517 1203 2581 ,εἰς
1228 2512 1468 2576 πέπλους
1496 2503 1526 2563 6
1547 2533 1648 2580 ιιεν

465 2596 665 2668 μητρὸς
688 2603 978 2697 ταλαίνης,
1001 2595 1031 2650 ὃ
1055 2593 1106 2651 δ’
1137 2593 1243 2651 ὑπὸ
1269 2602 1451 2660 κίονος
1475 2594 1650 2659 σκιάν,

467 2679 627 2746 ἄλλος
651 2683 711 2737 δε
737 2681 925 2754 βωμὸν
949 2678 1100 2752 όρνις
1125 2677 1195 2745 ὡς
1222 2677 1403 2750 ἔπτηξ’
1433 2676 1559 2734 ύπο.

472 2772 576 2839 βοᾷ
600 2767 661 2822 δε
685 2767 886 2837 μήτηρ·
924 2789 964 2820 ω
991 2766 1192 2834 τεκών,
1219 2769 1275 2819 τί
1295 2769 1457 2837 δρᾷςς
1488 2765 1650 2819 τέκνα
1843 2774 1923 2818 975

465 2856 722 2916 κτείνεις;
748 2857 852 2924 βοᾷ
876 2851 936 2906 δε
959 2852 1197 2922 πρέσβυς
1223 2854 1450 2904 οἰκετων
1474 2845 1520 2902 τ’
1556 2844 1728 2917 ὄχλος.
