2022 3126
90 405 199 454 XO.

87 542 196 592 ΑΓ.

271 687 295 714 *
370 686 395 713 *

85 752 180 799 ΔΙ.
270 757 294 784 *
368 756 393 783 *

119 802 123 805 ’
269 827 293 854 *
369 827 392 853 *

97 1864 194 1914 41'.

85 1934 183 1984 ΔΙ.

87 2004 201 2052 ΑΓ.

83 2073 182 2122 ΔΙ.

88 2142 194 2192 ΑΓ.

89 2213 182 2262 ΔΙ.

86 2281 194 2330 ΑΓ.

83 2352 181 2401 ΔΙ.

88 2421 203 2469 ΚΑ.

785 128 1052 175 ΒΑΚΧΑΙ
1638 125 1736 176 133

278 266 326 315 εί
342 262 395 314 δ’
427 264 575 314 ἔστιν
596 257 746 322 ὅστις
766 254 1096 326 δαιμόνων“
1068 270 1426 342 υπερφρονεῖ,
1631 275 1735 316 1325

274 335 348 393 εἰς
367 327 525 384 τοῦδ’
551 326 803 414 ἀθρήσας
821 327 1071 381 θάνατον
1090 325 1334 416 ἡγείσθω
1354 329 1541 392 θεούς.

273 399 333 453 τὸ
355 400 455 468 μὲν
477 398 576 452 σόν
596 395 764 483 ἀλγῶ,
786 397 1003 482 Κάδμε·
1044 397 1138 459 σὸς
1156 396 1205 450 δ’
1233 401 1340 464 ἔχει
1362 401 1521 467 δίκην

273 480 398 540 παῖς
418 466 613 530 παιδὸς
634 464 790 530 ἀξίαν
811 467 939 550 μέν,
948 462 1223 552 ἀλγεινὴν
1245 467 1304 520 δὲ
1325 472 1428 520 σοί.

273 559 314 590 ω
337 537 534 606 πάτερ,
563 535 696 608 ὁρᾷς
717 535 821 605 γὰρ
845 532 962 604 τᾶμ’
987 533 1097 607 ὅσῳ
1121 535 1466 607 μετεστράφη

275 617 300 643 *
374 618 398 643 *
471 618 496 642 *
569 616 594 643 20<
668 615 693 643 ιιι
767 615 792 643 *
864 614 890 642 ιιι
963 614 988 641 *
1062 615 1087 642 >x
1159 613 1186 642 *
1258 616 1284 645 ιιι
1357 615 1381 642 20<

468 686 493 713 *
565 687 591 713 20:
664 686 688 712 *
762 685 787 713 *
860 685 885 713 *
960 686 985 712 *
1058 686 1083 712 ιιι
1157 685 1181 711 *
1254 686 1279 713 ιιι
1352 686 1377 713 *

466 756 491 784 ’.ι
565 757 590 783 23<
664 756 688 784 ιιι
762 756 786 783 *
860 755 886 783 *
959 755 983 780 *
1056 757 1082 782 »ε
1156 758 1180 780 *
1254 756 1278 783 *
1353 756 1379 784 *

468 827 492 853 ιιι
567 828 590 853 *
664 827 688 852 *
763 826 788 853 *
861 826 885 852 ιιι
959 825 984 852 *
1058 825 1081 854 *
1156 826 1180 853 *
1255 825 1279 852 *
1353 826 1377 853 *

272 887 494 953 δράκων
515 885 735 972 γενήσει
758 885 1100 973 μεταβαλών,
1127 884 1306 969 δάμαρ
1329 907 1385 939 τε
1406 885 1472 954 σὴ
1635 899 1741 941 1330

275 953 660 1043 ἐκθηριωθεϊσ’
685 953 854 1043 ὄφεος
881 954 1098 1019 ἀλλάξει
1119 956 1315 1038 τύπον,

276 1023 346 1112 ἣν
359 1022 547 1092 Ἀρεος
568 1029 716 1093 ἔσχες
730 1023 1026 1108 Ἁρμονίαν
1048 1023 1256 1110 θνητὸς
1277 1046 1466 1093 γεγως.

272 1092 404 1163 ὄχον
428 1096 487 1147 δὲ
509 1096 755 1181 μόσχων,
778 1093 1018 1163 χρησμὸς
1044 1092 1116 1158 ὡς
1135 1097 1281 1180 λέγει
1300 1096 1456 1164 Διός,

279 1167 402 1236 ἐλᾷς
422 1162 532 1249 μετ’
558 1162 788 1232 ἀλόχου,
813 1165 1113 1250 βαρβάρων
1132 1162 1457 1233 ἡγούμενος.

277 1221 482 1297 πολλὰς
502 1235 561 1288 δε
585 1235 802 1301 πέρσεις
825 1232 1117 1307 ἀναρίθμῳ
1139 1234 1502 1316 στρατεύματι
1635 1247 1738 1290 1335

272 1303 486 1368 πόλεις·
527 1301 661 1358 ὅταν
684 1302 744 1357 δὲ
763 1307 966 1369 Λοξίου
991 1303 1324 1387 χρηστήριον

276 1373 647 1457 διαρπάσωσι,
669 1372 872 1426 νόστον
894 1371 1096 1426 α’θλιον
1120 1374 1287 1425 πάλιν

274 1441 568 1511 σχήσουσι
604 1443 663 1496 σὲ
684 1439 736 1496 δ’
736 1440 913 1527 ’Ἄρης
927 1440 1224 1510 Αρμονίαν
1251 1463 1308 1495 τε
1329 1442 1553 1512 ρύσεται

271 1514 536 1598 μακάρων
561 1509 601 1565 τ’
626 1513 678 1575 ἐς
699 1519 823 1564 αιάν
847 1514 948 1564 σόν
968 1512 1300 1595 καθιδρυσει
1320 1517 1458 1601 βίον.

277 1578 423 1634 ταῦτ’
450 1579 573 1649 οὐχὶ
590 1587 809 1667 θνητοῦ
832 1580 1053 1672 πατρὸς,
1063 1580 1300 1650 ἐκγεγώς
1320 1581 1459 1649 λέγω
1630 1593 1740 1637 1340

271 1652 593 1737 Διόνυσος,
600 1649 737 1705 ἀλλα
758 1650 960 1736 Ζηνός·
1005 1655 1053 1704 εί
1069 1651 1128 1704 δε
1149 1662 1462 1736 σωφρονειν

276 1718 495 1806 ἔγνωθ’
519 1717 593 1773 στ’
618 1718 722 1774 οὐκ
744 1718 998 1804 ἠθέλετε,
1021 1719 1121 1773 τὸν
1140 1720 1281 1784 Διὸς
1301 1720 1473 1784 γόνον

270 1763 638 1873 ηὐδαιμονεΐτ’
664 1786 732 1842 ἀν
755 1789 1050 1875 σύμμαχον
1064 1794 1401 1859 κεκτημένοι.

270 1858 518 1912 Διόνυσε
530 1859 910 1945 ,λισσόμεσθά
931 1859 997 1928 σθ,
996 1857 1376 1948 ἠδικήκαμεν.

277 1926 362 1992 ὄψ’
392 1901 619 2011 ἐμάθεθ’
646 1927 812 2016 ἡμᾶς,
844 1927 935 1983 ὅτε
957 1903 1010 1984 δ’
1034 1931 1222 2018 ἐχρῆν,
1247 1926 1350 1983 οὐκ
1376 1926 1552 2000 ᾔδετε
1629 1941 1738 1983 1345

278 1999 618 2088 ἐγνώκαμεν
619 1997 794 2053 ταῦτ’·
825 1997 939 2054 ἀλλ’
964 1972 1234 2085 ἐπεξέρχει
1256 2004 1394 2053 λίαν.

274 2070 363 2121 καὶ
391 2068 495 2136 γὰρ
521 2068 657 2137 πρὸς
676 2067 836 2137 ὑμων
857 2068 991 2132 θεὸς
1012 2090 1186 2137 γεγως
1204 2067 1526 2139 ὑβριζόμην.

274 2135 444 2207 ὄργας
465 2141 658 2205 πρέπει
677 2122 850 2202 θεοὺς
871 2137 971 2223 οὐχ
992 2139 1328 2207 ὁμοιοῦσθαι
1351 2145 1583 2223 βροτοῖς.

277 2208 442 2260 πάλαι
464 2209 593 2262 τάδε
619 2207 763 2272 Ζευς
783 2207 958 2277 οὑμὸς
980 2211 1278 2263 ἐπένευσεν
1301 2230 1495 2297 πατηρ.

272 2281 410 2344 αἰαῖ,
433 2279 686 2331 δέδοκται
697 2279 974 2364 ,πρέσβυ,
996 2279 1262 2348 τλήμονες
1288 2283 1477 2347 φυγαί.
1627 2291 1753 2333 1350.

275 2368 326 2399 τι
318 2350 482 2415 δῆτα
502 2320 718 2432 μέλλεθ’
748 2346 887 2418 άπερ
908 2345 1226 2433 ἀναγκαίως
1247 2351 1381 2416 ἔχει·
1369 2389 1383 2413 ,

275 2437 315 2468 ω
333 2419 560 2501 τέκνον,
585 2415 657 2481 ὡς
680 2423 754 2482 εἰς
775 2416 963 2472 δεινὸν
984 2415 1233 2486 ἤλθομεν
1261 2418 1455 2485 κακόν,

275 2484 344 2538 σύ
364 2482 417 2539 θ’
440 2483 501 2573 ἡ
498 2459 728 2541 τάλαινα
748 2488 1022 2557 σύγγονοί
1038 2510 1095 2541 τε
1124 2499 1252 2552 παις
1286 2511 1346 2543 τε
1382 2496 1505 2557 σός,

275 2553 381 2623 ἐγώ
401 2551 454 2608 θ’
478 2553 505 2609 6
529 2556 751 2626 τλήμων
769 2559 1088 2645 βαρβάρους
1108 2560 1369 2625 ἀφίξομαι

275 2625 454 2691 γέρων
473 2628 748 2714 μέτοικος·
789 2632 866 2681 ε’τι
887 2630 950 2681 δέ
959 2628 1158 2689 μούστὶ
1172 2628 1450 2694 θέσφατον
1624 2639 1732 2682 1355

272 2697 346 2757 εἰς
358 2692 569 2748 Ελλάδ’
594 2694 823 2765 ἀγαγεῖν
843 2700 1046 2784 μιγοίδα
1068 2698 1353 2781 βάρβαρον
1381 2694 1633 2782 στρατόν.

274 2764 363 2816 καὶ
384 2762 487 2832 τὴν
498 2762 699 2834 ’Ἀρεως
719 2764 868 2820 παιδ’
888 2765 1182 2854 Ἁρμονίαν
1208 2762 1432 2852 δάμαρτ’
1458 2764 1593 2833 ἐμὴν

273 2833 495 2919 δράκων
517 2838 813 2903 δρακαίνης
844 2843 1001 2903 σχῆμ
1026 2839 1264 2902 ἔχουσαν
1283 2834 1476 2903 ἀγρίας

274 2897 413 2966 αξω’
419 2905 479 2956 πὶ
501 2904 723 2971 βωμους
745 2907 834 2957 καὶ
854 2906 1067 2971 τάφους
1079 2903 1447 2971 Ελληνικους,
