2022 3126
122 1671 234 1720 XO.

119 1839 232 1889 ΗΡ.

118 2096 235 2143 ΑΔ,

121 2263 231 2311 ΗΡ.

122 2352 237 2396 ΑΔ.

119 2432 228 2481 ΗΡ.

119 2520 237 2565 ΑΔ.

119 2601 231 2649 ΗΡ.

124 2689 238 2734 ΑΔ.

120 2770 231 2818 HP.

123 2857 237 2904 ΑΔ.

787 88 1145 132 ΑΛΚΗΣΤΙΣ
1709 83 1776 133 39
1839 147 1842 149 ,

311 236 488 294 ἒσται;
513 225 610 282 τὸν
634 223 863 297 ἡβῶνθ’,
888 221 1214 294 Ἠράκλεις,
1242 223 1308 278 οὐ
1335 225 1527 305 ῥᾴδιον

314 321 544 384 εἴργειν·
573 309 679 381 ἐγώ
707 310 768 364 δὲ
791 315 894 364 σοῦ
919 315 1239 379 προμηθίαν
1264 315 1383 379 ἔχω.

311 394 347 468 ἢ
369 403 463 466 τῆς
486 395 772 464 θανούσης
795 393 1050 464 θάλαμον
1082 393 1336 464 είσβήσας
1361 396 1575 464 τρέφω;
1669 411 1774 452 1055

309 482 401 536 καὶ
431 485 545 544 πῶς
572 482 853 549 ἐπεισφρῶ
880 479 1046 548 τήνδε
1070 483 1144 552 τῷ
1169 483 1354 548 κείνης
1379 480 1550 548 λέχει;

311 569 513 635 διπλῆν
539 570 822 634 φοβοῦμαι
847 564 1080 632 μέμψιν,
1109 568 1168 617 ἔκ
1193 585 1249 617 τε
1275 566 1546 633 δημοτῶν,

306 649 380 720 μή
404 654 485 713 τίς
507 645 555 719 μ’
585 650 774 719 ἐλέγχῃ
800 645 900 717 τὴν
925 645 1061 717 ἐμὴν
1086 643 1368 717 εὐεργέτιν

309 729 560 804 προδόντ’
581 739 642 789 ἐν
661 732 845 794 ἅλλοις
864 737 1107 802 δεμνίοις
1132 737 1348 787 πίτνειν
1371 734 1516 795 νέας,

307 820 400 873 καὶ
429 824 523 888 τῆς
545 817 858 914 θανούσης,
885 814 1009 883 αξία
1033 814 1084 871 δ’
1118 818 1237 887 ἐμοι
1263 818 1463 887 σέβειν.
1671 832 1777 876 1060

308 901 517 974 πολλὴν
544 902 815 973 πρόνοιαν
840 906 929 956 δεῖ
951 898 999 971 μ’
1030 907 1190 972 ἔχειν.
1240 900 1309 956 σῦ
1338 898 1383 955 6⁹
1411 903 1452 955 ω
1480 902 1661 972 γύναι,

311 985 430 1059 ἥτις
454 983 566 1043 ποτ’
599 986 649 1041 εἷ
671 988 760 1056 σύ,
788 983 932 1041 ταῦτ
969 982 1141 1056 έχονσ’
1164 983 1473 1056 Ἀλκήστιδι

310 1078 529 1144 μορφῆς
555 1069 699 1142 μέτρ’
729 1080 850 1126 ισθι
891 1075 979 1129 καὶ
1023 1071 1311 1141 προσήιξαι
1338 1073 1518 1141 δέμας.

312 1166 474 1228 οἴμοι.
511 1156 696 1227 κόμιζε
720 1154 856 1226 πρὸς
880 1161 1034 1211 θεῶν
1057 1158 1110 1221 ἐξ
1137 1153 1396 1226 ὀμμάτων

306 1255 543 1313 γυναῖκα
567 1242 749 1312 τήνδε,
773 1241 847 1311 μή
870 1238 917 1311 μ’
949 1243 1073 1312 ἕλῃς
1097 1238 1389 1313 ᾑρημένον.
1670 1256 1776 1298 1065

309 1331 453 1382 δοκῶ
479 1325 583 1398 γὰρ
608 1324 784 1396 αὐτὴν
812 1331 1044 1397 εἰσορῶν
1067 1322 1276 1395 γυναῖχ’
1305 1323 1442 1397 ὁρᾶν

308 1412 467 1482 ἐμήν·
495 1419 664 1467 θολοῖ
684 1411 744 1466 δὲ
769 1415 1030 1481 καρδίαν,
1057 1413 1116 1465 ἐκ
1141 1415 1173 1465 δ
1183 1407 1196 1428 ’
1225 1407 1484 1482 ὀμμάτων

308 1497 477 1567 πηγαὶ
501 1496 938 1567 κατερρώγασιν·
966 1487 1010 1549 ὦ
1036 1494 1254 1566 τλήμων
1286 1495 1410 1566 ἐγώ,

311 1578 382 1645 ὠς
405 1578 528 1651 ἄρτι
554 1583 800 1644 πένθους
824 1584 988 1635 τοῦδε
1011 1579 1244 1651 γεύομαι
1275 1586 1496 1649 πικροῦ.

312 1663 417 1736 ἐγώ
443 1666 544 1736 μὲν
569 1663 671 1720 οῦκ
699 1662 859 1735 ἔχοιμ’
889 1661 959 1719 ἂν
986 1657 1050 1719 εῦ
1075 1666 1257 1735 λέγειν
1282 1665 1479 1736 τύχην·
1665 1679 1778 1723 1070

305 1748 407 1821 χρὴ
435 1746 508 1819 δ’,
534 1747 681 1814 ὅστις
707 1749 838 1820 εἶσι,
867 1762 1154 1821 καρτερεῖν
1181 1755 1322 1805 θεοῦ
1348 1750 1523 1805 δόσιν.

310 1840 361 1889 εἰ
380 1833 485 1905 γὰρ
510 1834 784 1906 τοσαύτην
807 1834 1048 1905 δύναμιν
1075 1833 1222 1904 εἶχον
1247 1831 1386 1889 ὥστε
1409 1832 1515 1905 σὴν

309 1925 384 1983 είς
417 1925 534 1989 φῶς
557 1925 827 1989 πορεῦσαι
852 1922 1129 1990 νερτέρων
1152 1922 1211 1975 ἐκ
1236 1919 1506 1990 δωμάτων

305 2017 543 2074 γυναῖκα
567 2010 666 2059 καί
683 2023 770 2059 σοι
794 2004 958 2076 τήνδε
985 2010 1261 2074 πορσῦναι
1283 2005 1460 2075 χάριν.

309 2085 434 2153 σάφ’
468 2088 592 2144 οἶδα
615 2089 931 2160 βούλεσθαί
948 2087 1000 2144 σ’
1030 2087 1115 2144 ἄν.
1162 2086 1300 2144 ἀλλὰ
1324 2095 1433 2145 ποῦ
1458 2088 1612 2154 τόδε;
1668 2099 1776 2145 1075

305 2171 407 2228 οῦκ
434 2180 546 2229 ἔστι
571 2173 702 2238 τοὺς
725 2174 1003 2238 θανόντας
1028 2180 1104 2239 εἰς
1130 2175 1271 2245 φάος
1294 2182 1503 2246 μολεῖν.

307 2259 379 2329 μή
403 2282 511 2314 νυν
536 2256 852 2330 ῦπέρβαιν’,
878 2257 998 2314 ἀλλ’
1028 2263 1321 2330 ἐναισίμως
1345 2261 1496 2329 φέρε.

307 2346 442 2417 ῥᾷον
471 2357 763 2415 παραινεῖν
787 2340 823 2414 ἦ
847 2344 1099 2400 παθόντα
1131 2357 1437 2417 καρτερεῖν.

305 2433 360 2483 τί
381 2433 413 2483 δ
421 2426 433 2446 ’
463 2424 532 2483 ἂν
555 2429 913 2498 προκόπτοις,
946 2435 997 2484 εἰ
1016 2431 1204 2493 θέλοις
1224 2427 1310 2484 ἀεὶ
1335 2431 1576 2494 στένειν;

310 2518 522 2582 ἔγνωκα
547 2511 775 2583 καύτός,
803 2511 925 2568 ἀλλ’
954 2520 1091 2587 ἔρως
1119 2537 1200 2579 τις
1228 2514 1421 2586 ἐξάγει.
1667 2523 1777 2567 1080

303 2595 362 2652 τὸ
386 2596 491 2668 γὰρ
518 2604 746 2669 φιλῆσαι
776 2596 874 2654 τὸν
897 2597 1121 2654 θανόντ’
1153 2596 1275 2669 ἄγει
1300 2599 1495 2670 δάκρυ.

309 2679 591 2738 ἀπώλεσέν
614 2706 708 2754 με,
735 2680 858 2738 κᾶτι
879 2689 1090 2753 μᾶλλον
1113 2679 1150 2754 ἢ
1172 2686 1330 2754 λέγω.

303 2766 566 2835 γυναικὸς
591 2771 793 2838 ἐσθλῆς
817 2765 1097 2838 ἤμπλακες
1112 2787 1123 2796 ·
1149 2773 1231 2832 τίς
1255 2765 1478 2839 ἀντερεῖ
1486 2791 1501 2833 ;

309 2847 426 2904 ὥστ’
454 2848 630 2917 ἄνδρα
655 2851 816 2907 τόνδε
839 2850 1030 2922 μηκέθ’
1057 2850 1294 2922 ἥδεσθαι
1316 2858 1438 2924 βίω.
