2022 3126
153 103 217 155 12
777 99 1149 146 ΑΛΚΗΣΤῙΣ

346 239 465 298 ωστ’
495 245 555 299 ἐν
579 255 834 297 κακοῖσιν
860 239 1110 312 εὐμενεῖς
1134 237 1490 309 παρεστάναι.
1558 302 1569 312 .

344 326 415 383 σύ
446 324 499 383 δ’
533 327 583 383 εἶ
607 325 839 390 παλαιὸς
872 325 1164 424 δεσπόταις
1188 327 1336 395 ἐμοῖς
1361 328 1537 394 φίλος.

163 420 379 469 ΗΜΙΧ.
410 412 474 467 ἰώ
508 416 651 480 Ζεῦ
683 433 764 474 τις
796 432 866 463 αν
896 413 1013 480 πως
1043 408 1211 478 πόρος
1241 412 1320 481 πᾷ
1630 423 1744 475 στρ.

343 493 546 565 γένοιτ’
581 490 651 549 αν
681 515 857 599 τνχας
882 487 1210 562 α’πάρεστιν
1238 483 1564 562 τυράννοις·
1552 533 1566 556 ,

158 588 377 639 ΗΜΙΧ.
405 579 586 648 ε’ξεισί
596 587 705 645 τις;
735 575 770 649 ἦ
795 581 938 650 τέμω
972 584 1147 649 τρίχα,
1746 593 1825 634 215

349 668 442 721 καὶ
472 667 681 736 μέλανα
706 662 944 734 στὸλιῖῦν
969 665 1197 718 πέπλών

349 746 785 822 ἆμφιβαλώμεθ’
815 747 953 820 ἤδης

158 843 377 892 ΗΜΙΧ.
406 840 547 906 δῆλα
572 836 700 906 μέν,
730 839 903 904 φίλοι,
934 833 1075 905 δῆλά
1100 831 1174 904 γ’,
1203 831 1316 889 ἀλλ’
1347 830 1492 904 ὅμως

349 929 566 976 θεοῖσιν
594 917 948 990 εὐχώμεσθα·
976 925 1130 974 θεῶν
1155 917 1259 990 γὰρ
1289 918 1527 990 δύναμις
1550 924 1796 991 μεγίστη.

163 1019 272 1068 ΧΟ.
354 1001 496 1075 ὦναξ
527 1008 729 1081 Παιάν,
1744 1017 1830 1059 220

351 1092 538 1160 ἔξευρε
561 1089 812 1162 μηχανήν
840 1087 938 1145 τιν’
962 1087 1210 1164 Ἀδμήτῳ
1234 1094 1439 1159 κακῶν,

350 1175 539 1246 πόριζε
571 1174 638 1246 δὴ
665 1176 876 1245 πόριζε·
903 1176 997 1230 καὶ
1021 1174 1194 1245 πάρος
1218 1173 1323 1246 γὰρ

349 1256 506 1315 τοῦδ’
540 1263 802 1331 ἐφεῦρες,
828 1262 921 1315 καὶ
945 1266 1054 1315 νῦν

350 1341 611 1416 λυτήριος
637 1348 696 1401 ἐκ
720 1354 973 1400 θανατου
999 1351 1187 1415 γενοῦ,

350 1428 551 1498 φόνιον
578 1428 628 1484 δ’
660 1426 1215 1486 ἄπόπαυσον”Ἀιδαν.
1747 1443 1829 1484 225

160 1520 378 1569 HMIX.
407 1527 588 1571 παπαῖ
623 1517 762 1586 φεῦ,
797 1516 864 1571 ἰώ
899 1528 1005 1571 παῖ
1035 1517 1311 1587 Φέρητος,
1627 1511 1742 1569 ἀντ.

350 1610 556 1667 παπαῖ,
589 1595 661 1654 οἷ’
696 1602 933 1668 ἔπραξας
963 1598 1238 1668 δάμαρτος
1270 1604 1575 1670 στερηθείς.

161 1690 379 1740 ΗΜΙΧ.
407 1677 486 1755 ἆρ’
517 1681 639 1750 ἄξια
664 1686 756 1739 καὶ
781 1689 999 1756 σφαγᾶς
1023 1684 1170 1756 τάδε,

350 1771 443 1824 καὶ
470 1771 639 1824 πλέον
662 1765 696 1840 ἦ
721 1769 903 1843 βρόχῳ
930 1771 1098 1840 δέρην

350 1851 595 1928 οὐρανίῳ
622 1854 915 1919 πελάσσαι;
1744 1867 1829 1912 230

160 1945 382 1996 HMIX.
408 1938 510 1995 τὰν
534 1938 638 2011 γὰρ
667 1937 733 1995 οὐ
761 1946 934 2011 φίλαν
960 1936 1099 1994 ἀλλὰ
1125 1937 1396 2010 φιλτάταν

354 2038 594 2096 γυναῖκα
617 2031 1014 2079 κατθανοῦσαν
1041 2029 1123 2080 εἰν
1147 2020 1311 2096 ἄματι
1336 2021 1468 2100 τῷδ’
1499 2020 1709 2089 ἐπόψει.

166 2114 274 2163 XO.
347 2108 470 2164 ι’δού
508 2109 662 2179 ἰδού,

354 2190 445 2263 ἥδ’
477 2197 537 2249 ἐκ
563 2195 751 2265 δόμων
777 2193 845 2264 δὴ
872 2196 964 2249 καὶ
993 2212 1150 2259 ποσις
1175 2198 1485 2266 πορεύεται.

351 2277 558 2349 βόασον
586 2280 656 2348 ὦ,
685 2281 972 2349 στέναξον,
1004 2280 1044 2334 ὦ
1072 2285 1283 2350 Φεραία

350 2363 536 2434 χθών,
562 2387 663 2419 ταν
688 2362 918 2434 ἆρίσταν
1745 2376 1827 2419 236

354 2461 592 2520 γυναῖκα
616 2451 1029 2520 μαραινομέναν
1052 2449 1199 2523 νόσφ

351 2531 490 2588 κατὰ
535 2539 634 2603 γᾶς
670 2534 904 2604 χθόνιον
927 2532 1049 2605 παρ’
1065 2531 1278 2590 ’Ἅιδαν

351 2616 554 2674 οὔποτε
578 2618 737 2690 φήσω
763 2620 939 2690 γάμον
968 2617 1300 2690 εὐφραίνειν

348 2704 516 2758 πλέον
540 2699 575 2774 ἦ
599 2710 814 2773 λυπεῖν,
842 2717 955 2769 τοῖς
978 2726 1036 2759 τε
1061 2704 1337 2771 πάροιθεν

349 2787 782 2859 τεκμαιρόμενος
804 2790 898 2844 καὶ
920 2788 1086 2844 τάσδε
1116 2788 1283 2859 τύχας
1742 2800 1828 2846 Ἇῡ

690 2887 772 2930 '213
786 2908 847 2914 —
863 2887 945 2929 225
957 2900 1024 2920 Ξ
1039 2885 1121 2930 226
1139 2905 1197 2911 ·-·-
1214 2885 1297 2930 237
