2022 3126
138 2283 247 2332 XO.

135 2453 251 2500 AA.

817 109 1171 155 ΑΛΚΗΣΤΙΣ
1720 108 1785 162 15

324 257 498 322 ψυχῆς
520 249 626 321 γὰρ
653 246 821 304 οὐδέν
846 251 958 302 ἐστι
983 247 1331 318 τιμιώτερον·

322 340 507 390 δίκαια
532 331 603 403 δ’,
634 356 712 434 ωΙς
730 332 924 403 φήσεις
948 332 1044 386 σύ·
1094 331 1294 386 τούσδε
1318 330 1422 401 γὰρ
1449 340 1628 402 φιλεῖς

323 416 423 489 οὐχ
449 410 622 489 ἧσσον
643 413 678 488 ἦ
700 415 799 488 ’γώ
826 420 1050 485 παῖδας,
1079 424 1231 486 εἴπερ
1265 418 1328 471 εῦ
1354 429 1603 487 φρονεῖς·

321 501 546 567 τούτους
570 500 810 572 ἀνάσχου
836 500 1103 565 δεσπότας
1127 504 1274 571 ἐμῶν
1299 499 1504 570 δόμων,

318 589 412 642 καὶ
433 585 506 658 μὴ
531 584 790 659 ’πιγήμῃς
816 590 998 641 τοῖσδε
1022 584 1296 685 μητρυιὰν
1320 586 1548 654 τέκνοις,
1704 599 1786 642 305

321 669 437 742 ἥτις
461 677 671 726 κακίων
699 667 812 727 οῦσ’
844 674 979 741 ἐμοῦ
1011 668 1153 740 γυνὴ
1179 669 1379 743 φθόνῳ

320 769 430 820 τοῖς
456 768 599 811 σοῖσι
623 753 816 826 κάμοῖς
847 756 1002 810 παισὶ
1027 767 1182 825 χεῖρα
1206 759 1523 825 προσβαλεῖ.

322 836 412 906 [μὴ
440 844 575 907 δητα
603 837 807 909 δράσῃς
833 838 1002 892 ταῦτά
1029 835 1074 907 γ’
1081 881 1095 908 ,
1124 844 1380 908 αἰτοῦμαι
1402 850 1453 894 σ
1483 863 1604 909 εγω.
1610 847 1624 908 j

321 923 494 995 ἐχθρὰ
517 923 622 994 γὰρ
648 921 681 995 ἡ
699 922 922 979 ’πιοῦσα
947 921 1186 994 μητρυιὰ
1215 925 1426 987 τέκνοις

320 1021 432 1074 τοῖς
457 1006 676 1079 πρόσθ’,
707 1012 924 1079 ἐχίδνης
949 1006 1118 1063 οῦδεν
1147 1006 1441 1078 ἠπιωτέρα.
1707 1020 1793 1064 310

319 1096 412 1149 καὶ
437 1106 563 1157 παῖς
586 1117 687 1163 μεν
713 1091 889 1165 άρσην
913 1090 1093 1163 πατέρ’
1123 1098 1232 1163 ἔχει
1258 1092 1474 1163 πύργον
1503 1095 1693 1164 μέγαν,

320 1176 389 1233 σὺ
416 1175 469 1233 δ’
501 1179 542 1232 ὦ
569 1180 767 1233 τέκνον
793 1202 911 1249 μοι,
942 1183 1058 1242 πῶς
1089 1180 1417 1251 κορευθήσει
1445 1186 1653 1245 καλῶςς

318 1269 476 1328 ποίας
501 1269 742 1332 τυχοῦσα
766 1264 1010 1333 συζύγου
1036 1268 1110 1336 τῷ
1135 1268 1214 1336 σῷ
1244 1268 1438 1333 πατρί·
1425 1305 1438 1328 ,

320 1348 392 1418 μή
417 1353 510 1402 σοι’
526 1345 624 1402 τιν’
655 1346 888 1418 αἰσχρὰν
915 1352 1309 1418 προσβαλοῦσα
1334 1346 1579 1418 κληδόνα
1706 1358 1786 1402 315

323 1429 459 1503 ἥβης
484 1435 544 1487 ἐν
570 1429 714 1504 ἀκμῇ
745 1431 879 1496 σοὺς
911 1436 1218 1503 διαφθείρῃ
1241 1432 1467 1502 γάμους.

322 1513 388 1571 οῦ
416 1516 518 1586 γάρ
544 1534 604 1571 σε
628 1516 804 1587 μήτηρ
830 1513 960 1572 οὕτε
983 1516 1297 1587 νυμφεύσει
1323 1516 1455 1572 ποτὲ

321 1597 429 1655 οὔτ’
459 1604 519 1655 ἐν
541 1599 753 1656 τόκοισι
775 1614 916 1657 τοῖσι
941 1614 1087 1657 σοῖσι
1110 1609 1393 1672 θαρσύνεῖ

319 1681 566 1755 παροῦσ’,
593 1683 656 1741 ἵν’
687 1683 854 1741 οῦδὲν
877 1685 1080 1792 μητρὸς
1106 1683 1518 1756 εὐμενέστερον.

321 1775 410 1824 δεῖ
431 1769 536 1842 γὰρ
562 1779 764 1825 θανεῖν
791 1789 883 1840 με·
920 1794 1012 1825 και
1035 1768 1155 1826 τόδ’
1190 1767 1293 1825 οῦκ
1333 1773 1386 1835 ἐς
1423 1766 1624 1839 αῦριον
1710 1782 1802 1826 3Ἇο

321 1852 444 1909 οὐδ’
479 1860 554 1918 εἰς
578 1861 768 1926 τρίτην
800 1877 893 1925 μοι
924 1854 1095 1926 μηνὸς
1121 1861 1333 1925 ἔρχεται
1358 1854 1548 1923 κακόν,

320 1936 442 1994 οἷ’λλ
471 1936 643 1994 αὐτίκ’
680 1942 740 1995 ἐν
763 1952 877 2004 τοῖς
899 1937 1079 2011 μηκέτ’
1108 1942 1234 1995 ούσι
1258 1942 1493 2011 λέξομαι.

317 2030 601 2095 χαίροντες
636 2023 1073 2094 εῦφραινοισθε·
1100 2026 1193 2080 καὶ
1216 2026 1303 2080 σοὶ
1331 2028 1459 2096 με’ν,
1491 2024 1636 2095 πόσι,

319 2106 531 2179 γυναῖκ’
566 2106 796 2180 ἀρίστην
822 2115 935 2164 ἔστι
959 2111 1236 2180 κομπάσαι
1261 2117 1472 2182 λαβεῖν,

319 2191 453 2264 ὑμῖν
477 2195 564 2264 δέ,
596 2199 787 2259 παῖδες
804 2238 817 2263 ,
849 2193 1054 2266 μητρὸς
1081 2197 1473 2265 ἐκπεφυκέναι.
1709 2208 1791 2250 325

322 2278 544 2348 θάρσει·
572 2278 678 2349 πρὸ
704 2279 907 2334 τούτου
931 2278 1036 2351 γὰρ
1063 2280 1246 2350 λέγειν
1272 2278 1373 2351 οὐχ
1399 2278 1589 2351 ἅζομαι
1608 2298 1618 2308 ·

321 2363 511 2433 δράσει
536 2361 679 2434 τάδ’,
712 2371 865 2435 εἴπερ
890 2362 963 2436 μὴ
990 2371 1216 2435 φρενῶν
1245 2362 1562 2435 ἁμαρτάνει.

322 2453 471 2503 ἔσται
495 2446 617 2503 τάδ’
647 2455 824 2518 ἔσται,
850 2448 924 2520 μὴ
951 2451 1170 2521 τρέσῃς·
1199 2453 1316 2505 ἐπεὶ
1342 2447 1394 2506 σ’
1430 2449 1537 2519 ἐγώ

324 2533 415 2586 καὶ
440 2539 617 2600 ζῶσαν
644 2533 791 2604 εἶχον
817 2535 910 2588 καὶ
933 2531 1176 2589 θανοῦσ’
1206 2533 1306 2606 ἐμὴ
1331 2534 1473 2606 γυνὴ

321 2616 459 2688 μόνη
482 2618 763 2689 κεκλήσει,
792 2616 979 2683 κοῦτις
1005 2615 1128 2674 ἀντὶ
1151 2625 1253 2674 σοῦ
1279 2641 1411 2675 ποτε
1705 2629 1791 2672 330

320 2696 470 2756 τόνδ’
500 2699 678 2773 ἄνδρα
693 2703 886 2775 νύμφη
916 2704 1184 2768 Θεσσαλὶς
1205 2705 1667 2775 προσφθέγξεται.

307 2867 362 2917 ὃν
385 2874 464 2918 καὶ
488 2881 712 2931 προσεῖπε
732 2878 811 2920 καὶ
837 2874 1143 2933 προσερρήθη
1169 2871 1325 2924 πάλιν,
1707 2874 1792 2917 312
