2022 3126
191 58 292 110 148
897 59 1143 106 LKABH

190 208 306 258 ΕΚ.
378 206 435 256 τί
455 197 572 272 δῆτ’
602 201 785 265 ἔλεξας
809 202 1008 263 δοῦλος
1033 194 1113 253 ὢν
1139 197 1265 269 ἐμὸς
1291 198 1438 265 τότε;

193 294 310 342 ΟΔ.
375 291 595 342 πολλῶν
620 284 802 355 λόγων
832 280 1130 355 εὖρήμαθ’,
1158 280 1296 338 ὥστε
1320 283 1393 355 μὴ
1420 293 1639 340 θανεῖν.

190 378 309 428 ΕΚ.
381 377 559 426 ἔσωσα
586 368 723 440 δῆτά
748 366 798 424 σ’
830 368 1104 439 ἐξέπεμψά
1128 391 1187 423 τε
1212 369 1446 439 χθονός;

193 465 309 512 ΟΔ.
374 453 502 511 ὥστ’
534 460 757 527 εἰσορᾶν
783 478 848 525 γε
877 456 1082 524 φέγγος
1105 460 1267 524 ηλίου
1291 454 1433 509 τόδε.
1776 469 1860 512 250

194 549 304 598 ΕΚ.
375 537 589 596 οὔκουν
614 537 845 596 κακύνει
873 541 1054 594 τοῖσδε
1086 547 1198 601 τοῖς
1229 537 1627 608 βουλεύμασιν,

381 623 440 690 ὃς
465 627 518 692 ἐξ
544 627 679 695 ἐμοῦ
705 623 805 695 μὲν
829 628 1034 688 ἔπαθες
1059 619 1146 678 οἶα
1172 623 1280 694 φὴς
1305 633 1528 694 παθεῖν,

381 715 516 783 δρᾷς
541 707 592 765 δ’
624 706 792 765 οὐδὲν
817 706 955 780 ἡμᾶς
983 700 1074 778 εὖ,
1105 715 1285 773 κακῶς
1312 707 1362 763 δ’
1395 705 1528 764 ὅσον
1554 709 1728 781 δύνῃ;

380 794 675 867 ἀχάριστον
699 792 860 865 ὑμῶν
886 791 1105 864 σπέρμ’,
1134 791 1253 849 ὅσοι
1279 793 1630 865 δημηγόρους

381 886 607 952 ζηλοῦτε
632 879 811 950 τιμάς·
844 879 983 950 μηδὲ
1007 878 1419 950 γιγνωσκοισθέ
1439 902 1547 950 μοι,
1779 894 1861 936 255

381 972 437 1022 οἳ
456 963 585 1030 τοὺς
611 971 810 1035 φίλους
836 964 1171 1036 βλάπτοντες
1199 961 1267 1020 ού
1297 970 1633 1035 φροντίζετε,

381 1047 452 1122 ἢν
477 1064 618 1106 τοῖσι
646 1057 868 1115 πολλοῖς
892 1048 1029 1121 πρὸς
1052 1050 1212 1120 χάριν
1239 1051 1435 1120 λέγητέ
1456 1073 1523 1105 τι.

383 1134 519 1206 ἀτὰρ
545 1142 602 1190 τί
622 1135 689 1205 δὴ
718 1135 963 1206 σόφισμα
982 1132 1149 1190 τοῦθ’
1178 1131 1480 1205 ἡγούμενοι

383 1227 458 1286 είς
482 1220 649 1292 τήνδε
673 1225 843 1275 παῖδα
870 1225 1063 1291 ψῆφον
1089 1217 1299 1288 ὥρισαν
1324 1219 1535 1292 φόνου;

382 1307 586 1377 πότερα
609 1303 669 1360 τὸ
695 1311 834 1376 χρῆν
859 1303 957 1376 σφ’
987 1301 1217 1376 ἐπήγαγ’
1248 1302 1762 1376 άνθρωποσφαγεῖν
1778 1317 1864 1361 260

382 1389 518 1463 πρὸς
545 1391 776 1461 τύμβον,
805 1395 945 1445 ἔνθα
970 1396 1278 1461 βουθυτεῖν
1303 1395 1511 1460 μᾶλλον
1540 1391 1764 1460 πρέπεις

381 1472 416 1548 ἢ
441 1474 568 1541 τοὺς
593 1475 893 1539 κτανόντας
918 1472 1341 1531 ἀνταποκτεῖναι
1364 1477 1551 1530 θέλων

386 1567 462 1626 εἰς
487 1558 644 1632 τήνδ’
669 1558 947 1631 Ἀχιλλεὺς
973 1564 1204 1625 ἐνδίκως
1230 1566 1400 1616 τείνει
1425 1559 1631 1631 φόνον;

383 1642 505 1702 ἀλλ’
535 1643 702 1702 οὐδὲν
729 1644 901 1701 αὐτὸν
927 1642 1026 1717 ἥδε
1051 1643 1104 1717 γ’
1137 1654 1418 1716 εἴργασται
1442 1645 1632 1700 κακόν.

375 1729 601 1803 Ἑλένην
625 1755 716 1787 νιν
741 1736 916 1787 αι’τεῖν
941 1737 1081 1801 χρῆν
1103 1730 1261 1805 τάφῳ
1287 1731 1691 1803 προσφάγματα
1780 1744 1865 1788 265

385 1823 542 1888 κείνη
570 1815 674 1888 γὰρ
704 1814 910 1872 ὤλεσέν
935 1840 1027 1871 νιν
1054 1821 1129 1881 είς
1162 1822 1368 1887 Τροίαν
1392 1813 1439 1871 τ’
1471 1813 1608 1887 ἄγει.

388 1908 438 1958 εί
459 1906 493 1957 δ
500 1899 512 1919 ’
545 1902 904 1972 αἰχμαλώτων
927 1902 1029 1973 χρή
1056 1898 1163 1956 τιν’
1193 1907 1448 1970 ἔκκριτον
1471 1909 1674 1956 θανεῖν

346 2018 349 2021 <
384 1988 573 2042 κάλλει
598 1984 657 2041 θ’
688 1984 1147 2057 ὑπερφέρουσαν,
1181 1985 1284 2056 οὐχ
1306 1983 1464 2057 ἡμῶν
1489 1986 1641 2041 τόδε·

384 2070 418 2144 ἡ
451 2073 727 2141 Τυνδαρὶς
750 2070 854 2143 γὰρ
884 2070 1028 2135 εἶδος
1060 2070 1486 2142 ἐκπρεπεστάτη,

385 2155 661 2213 ἆδικοῦσά
684 2154 746 2212 θ’
779 2153 936 2228 ἡμῶν
960 2152 1129 2211 οὐδὲν
1146 2148 1319 2226 ἧσσον
1340 2153 1570 2228 ηὑρέθη.
1780 2169 1865 2212 270

385 2249 460 2316 τῷ
485 2243 586 2314 μὲν
613 2247 810 2316 δικαίῳ
837 2238 990 2296 τόνδ’
1021 2238 1331 2312 ἁμιλλῶμαι
1355 2241 1523 2312 λόγον
1540 2260 1550 2269 ·

387 2325 421 2383 ἂ
447 2325 500 2383 δ’
533 2326 860 2383 ἀντιδοῦναι
887 2331 976 2382 δεῖ
996 2324 1046 2381 σ’
1078 2324 1415 2397 ἀπαιτούσης
1440 2329 1595 2397 ἐμοῦ,

388 2411 647 2468 ἄκουσον.
684 2409 808 2483 ’ἥψω
834 2418 928 2483 τῆς
952 2415 1107 2482 ἐμῆς,
1138 2408 1208 2476 ὡς
1234 2411 1368 2483 φής,
1393 2410 1552 2482 χερὸς

388 2500 480 2553 καὶ
504 2503 668 2569 τῆσδε
697 2505 892 2568 γραίας
916 2502 1274 2567 προσπίτνων
1299 2501 1592 2568 παρηίδος·

388 2580 748 2654 άνθάπτομαί
767 2603 868 2638 σου
894 2586 1071 2637 τῶνδε
1094 2588 1206 2637 τῶν
1229 2579 1416 2637 αὐτῶν
1441 2580 1546 2652 ἐγω
1782 2590 1864 2636 275

385 2668 549 2739 χάριν
572 2665 620 2722 τ’
650 2666 862 2723 ἀπαιτῶ
886 2666 986 2738 τὴν
1013 2664 1137 2721 τόθ’
1169 2667 1396 2722 ἱκετεύω
1423 2669 1485 2722 τέ
1504 2683 1582 2736 σε,

388 2752 462 2824 μή
486 2776 593 2824 μου
617 2752 676 2809 τὸ
702 2755 898 2809 τέκνον
923 2756 982 2808 ἐκ
1005 2757 1183 2822 χερῶν
1209 2750 1545 2823 ἄποσπάσῃς,

389 2838 527 2908 μηδὲ
550 2838 809 2907 κτάνητε·
845 2844 957 2893 τῶν
979 2837 1334 2905 τεθνηκότων
1359 2833 1493 2899 ἅλις.
