2022 3126
835 85 1090 133 ΕΛΕΝΗ

322 228 511 283 ἐλθεῖν
533 222 584 281 τ’
610 228 665 291 ἐς
692 233 879 290 οἴκους
902 226 994 279 καὶ
1019 229 1347 294 συνοικῆσαι
1372 223 1547 279 πόσει.

320 307 442 366 ἄλλ’
473 319 588 382 ἴσχε
609 308 712 380 μὲν
733 315 833 381 σῆς
860 307 1141 380 συγγόνου
1165 310 1336 378 μέλαν
1360 310 1534 379 ξίφος,

320 398 504 466 νόμιζε
527 392 581 450 δ’
610 390 786 464 αὐτὴν
810 393 1115 465 σωφρόνως
1139 392 1407 463 πράσσειν
1428 393 1573 449 τάδε.

320 480 487 536 πάλαι
511 477 564 534 δ’
593 475 845 549 ἀδελφὴν
857 474 962 534 κᾶν
982 479 1115 549 πρὶν
1139 476 1496 549 ἐξεσώσαμεν,

319 567 541 636 ἐπείπερ
565 560 704 636 ἡμᾶς
725 560 867 628 Ζεὺς
890 565 1146 634 ἐποίησεν
1168 561 1364 628 θεούς·

318 645 441 703 ἀλλ’
475 646 664 720 ἥσσον’
699 640 840 719 ἦμεν
881 652 980 704 τοῦ
1005 649 1368 717 πεπρωμένου
1392 645 1452 702 θ’
1481 645 1589 719 ἅμα

318 734 409 788 καὶ
433 740 543 789 τῶν
565 739 744 802 θεῶν,
771 728 850 797 οἷς
873 729 1029 788 ταῦτ’
1059 733 1247 798 ἔδοξεν
1276 723 1377 786 ῶδ’
1408 738 1567 803 ἔχειν.

319 819 404 872 σοὶ
432 818 534 888 μὲν
558 814 680 873 τάδ’
709 815 892 886 αὐδῶ,
919 817 1174 891 συγγόνω
1201 812 1251 871 δ’
1280 819 1380 888 ἐμῇ
1404 819 1545 888 λέγω
1562 836 1572 845 ·

319 909 447 957 πλεῖ
469 900 571 969 ξὺν
595 902 753 958 πόσει
779 907 858 977 σῷ
872 920 882 929 ·
911 908 1128 973 πνεῦμα
1153 899 1205 956 δ’
1235 898 1369 966 ἕξετ’
1399 898 1614 972 οὔριον·

317 992 528 1060 σωτῆρε
552 984 606 1043 δ’
633 984 786 1059 ἡμεῖς
810 985 888 1042 σω
913 985 1223 1059 κασιγνήτω
1252 981 1428 1040 διπλὼ

320 1071 528 1127 πόντον
555 1070 969 1143 παριππεύοντε
993 1073 1280 1142 πέμψομεν
1305 1069 1534 1141 πάτραν.

319 1151 452 1211 ὅταν
476 1156 538 1212 δὲ
561 1157 778 1229 κάμψῃς
801 1168 895 1211 καὶ
917 1161 1245 1228 τελευτήσῃς
1269 1160 1411 1226 βίον,

318 1239 452 1305 θεὸς
473 1242 727 1314 κεκλήσει
754 1243 847 1297 καὶ
870 1240 1200 1312 Διοσκόρων
1222 1240 1356 1310 μέτα

320 1330 579 1382 σπονδῶν
601 1328 850 1398 μεθέξεις
874 1324 1023 1392 ξένιά
1049 1322 1098 1380 τ’
1126 1322 1446 1395 ἀνθρώπων
1475 1323 1620 1395 πάρα

318 1411 452 1476 ἕξεις
473 1408 603 1481 μεθ’
631 1408 813 1482 ἡμῶν·
840 1407 980 1474 Ζεὺς
1003 1408 1107 1481 γὰρ
1133 1402 1242 1465 ῶδε
1265 1409 1537 1480 βούλεται.

321 1488 390 1548 οὗ
416 1491 469 1550 δ’
499 1493 698 1568 ῶρισέν
722 1514 782 1552 σε
806 1501 995 1568 πρῶτα
1024 1494 1279 1558 Μαιάδος
1304 1493 1461 1558 τόκος

321 1578 581 1652 Σπάρτης
604 1577 816 1652 ἀπάρας
840 1586 971 1649 [τῶν
999 1576 1110 1634 κατ’
1143 1575 1388 1650 οὐρανὸν
1415 1576 1620 1648 δόμων]

322 1665 526 1729 κλέψας
551 1667 717 1736 δέμας
740 1665 869 1735 σόν,
895 1663 968 1736 μὴ
998 1664 1177 1736 Πάρις
1201 1663 1394 1735 γήμειέ
1422 1679 1501 1732 σε,

321 1748 575 1820 φρουρὸν
599 1747 730 1821 παρ’
758 1748 918 1822 Ἀκτῇ
941 1750 1241 1820 τεταμένην
1262 1753 1435 1818 νῆσον
1464 1748 1620 1817 λέγω,

316 1829 502 1905 Ἑλένη
526 1833 586 1890 τὸ
611 1833 808 1891 λοιπὸν
832 1838 892 1890 ἐν
917 1840 1135 1905 βροτοῖς
1158 1833 1498 1904 κεκλήσεται,

323 1919 442 1973 ἐπεὶ
466 1918 670 1984 κλοπὰς
695 1918 793 1985 σὰς
813 1922 872 1974 ἐκ
899 1918 1086 1989 δόμων
1111 1919 1342 1984 ἐδέξατο.

324 2004 417 2058 καὶ
443 2009 519 2078 τῷ
547 2005 795 2077 πλανήτῃ
819 2004 1086 2078 Μενέλεῳ
1110 2008 1265 2058 θεῶν
1289 1999 1435 2073 πάρα

323 2089 586 2161 μακάρων
609 2102 888 2145 κατοικεῖν
911 2088 1084 2160 νῆσόν
1109 2089 1221 2143 ε’στι
1243 2085 1514 2158 μόρσιμον
1529 2103 1540 2114 ·

323 2171 451 2237 τοὺς
477 2171 722 2245 εὐγενεῖς
746 2174 852 2246 γὰρ
880 2171 949 2229 οὐ
974 2178 1240 2244 στυγοῦσι
1267 2176 1542 2241 δαίμονες,

322 2263 434 2313 τῶν
459 2256 510 2314 δ’
541 2257 939 2332 ἀναριθμήτων
962 2255 1171 2329 μᾶλλόν
1201 2261 1340 2311 εἰσιν
1363 2258 1418 2310 οἱ
1448 2254 1624 2311 πόνοι.

138 2346 370 2408 [ΘΕΟΚ.
398 2336 441 2397 ῶ
470 2348 633 2399 παῖδε
655 2345 840 2415 Λήδας
863 2345 957 2399 καὶ
979 2342 1146 2412 Διός,
1172 2339 1236 2397 τὰ
1259 2340 1360 2411 μὲν
1383 2338 1555 2411 πάρος

324 2433 480 2499 νείκη
504 2429 731 2500 μεθήσω
756 2434 917 2500 σφῶν
939 2427 1269 2499 κασιγνήτης
1294 2426 1446 2495 πέρι·

327 2510 432 2583 ε’γῶ
462 2510 514 2568 δ’
545 2511 796 2585 ἀδελφὴν
821 2509 1005 2569 οὐκέτ’
1035 2508 1104 2567 ἂν
1127 2506 1377 2580 κτάνοιμ’
1411 2508 1563 2580 ἐμήν.

326 2603 482 2668 κείνη
507 2596 561 2653 δ’
590 2607 686 2654 ἴτω
712 2597 850 2671 πρὸς
875 2598 1055 2667 οἶκον,
1085 2601 1137 2651 εἰ
1160 2604 1315 2659 θεοῖς
1340 2599 1507 2650 δοκεῖ.

330 2689 481 2736 ἴστον
504 2681 556 2739 δ’
587 2681 812 2756 ἀρίστης
835 2680 1288 2754 σωφρονεστάτης
1310 2676 1373 2735 θ’
1402 2674 1511 2750 ἅμα

329 2765 526 2838 γεγῶτ’
556 2766 800 2839 ἀδελφῆς
847 2767 1153 2838 ὁμογενοῦς
1191 2762 1291 2836 ἀφ’
1322 2769 1561 2835 αἵματος.

1683 85 1783 134 237
1837 69 1839 72 ⁴

1678 239 1785 283 1655

1677 662 1787 705 166⁰

1682 1084 1786 1126 1665

1682 1503 1789 1549 1670

1685 1926 1790 1972 1675

1685 2351 1795 2395 1680

1687 2773 1794 2818 1685
