<?xml version="1.0" encoding="UTF-8"?>
<!DOCTYPE html PUBLIC "-//W3C//DTD XHTML 1.0 Transitional//EN"
    "http://www.w3.org/TR/xhtml1/DTD/xhtml1-transitional.dtd">
<html xmlns="http://www.w3.org/1999/xhtml" xml:lang="en" lang="en">
 <head>
  <title>
</title>
<meta http-equiv="Content-Type" content="text/html;charset=utf-8" />
  <meta name='ocr-system' content='tesseract 3.04.00' />
  <meta name='ocr-capabilities' content='ocr_page ocr_carea ocr_par ocr_line ocrx_word'/>
</head>
<body>
  <div class='ocr_page' id='page_1' title='image "./euripidistragoe01euriuoft_0520.png"; bbox 0 0 2022 3126; ppageno 0'>
   <div class='ocr_carea' id='block_1_1' title="bbox 218 107 316 158">
    <p class='ocr_par' dir='ltr' id='par_1_1' title="bbox 218 107 316 158">
     <span class='ocr_line' id='line_1_1' title="bbox 218 107 316 158; baseline 0 -1"><span class='ocrx_word' id='word_1_1' title='bbox 218 107 316 158; x_wconf 69' lang='lat'><em>420</em></span> 
     </span>
    </p>
   </div>
   <div class='ocr_carea' id='block_1_2' title="bbox 226 2453 323 2501">
    <p class='ocr_par' dir='ltr' id='par_1_2' title="bbox 226 2453 323 2501">
     <span class='ocr_line' id='line_1_2' title="bbox 226 2453 323 2501; baseline 0 -1"><span class='ocrx_word' id='word_1_2' title='bbox 226 2453 323 2501; x_wconf 83' lang='grc' dir='ltr'><em>ΤΡ.</em></span> 
     </span>
    </p>
   </div>
   <div class='ocr_carea' id='block_1_3' title="bbox 829 107 1247 153">
    <p class='ocr_par' dir='ltr' id='par_1_3' title="bbox 829 107 1247 153">
     <span class='ocr_line' id='line_1_3' title="bbox 829 107 1247 153; baseline -0.002 0"><span class='ocrx_word' id='word_1_3' title='bbox 829 107 1247 153; x_wconf 77' lang='grc' dir='ltr'><em>ΙΠΠΟΛΤΤΟΣ</em></span> 
     </span>
    </p>
   </div>
   <div class='ocr_carea' id='block_1_4' title="bbox 387 247 1462 2093">
    <p class='ocr_par' dir='ltr' id='par_1_4' title="bbox 404 247 1135 318">
     <span class='ocr_line' id='line_1_4' title="bbox 404 247 1135 318; baseline -0.003 -16"><span class='ocrx_word' id='word_1_4' title='bbox 404 252 583 312; x_wconf 79' lang='grc' dir='ltr'><em>δίναις</em></span> <span class='ocrx_word' id='word_1_5' title='bbox 616 249 674 303; x_wconf 85' lang='grc' dir='ltr'><em>ἐν</em></span> <span class='ocrx_word' id='word_1_6' title='bbox 705 254 911 312; x_wconf 80' lang='grc' dir='ltr'><strong><em>νοτίαις</em></strong></span> <span class='ocrx_word' id='word_1_7' title='bbox 942 247 1135 318; x_wconf 80' lang='grc' dir='ltr'><strong><em>ἅλμας.</em></strong></span> 
     </span>
    </p>

    <p class='ocr_par' dir='ltr' id='par_1_5' title="bbox 405 327 1117 400">
     <span class='ocr_line' id='line_1_5' title="bbox 405 327 1117 400; baseline -0.004 -13"><span class='ocrx_word' id='word_1_8' title='bbox 405 329 439 400; x_wconf 84' lang='grc' dir='ltr'><strong><em>ἦ</em></strong></span> <span class='ocrx_word' id='word_1_9' title='bbox 461 332 626 386; x_wconf 83' lang='grc' dir='ltr'><em>πόσιν</em></span> <span class='ocrx_word' id='word_1_10' title='bbox 649 328 746 385; x_wconf 86' lang='grc' dir='ltr'><em>τὸν</em></span> <span class='ocrx_word' id='word_1_11' title='bbox 764 327 1117 400; x_wconf 77' lang='grc' dir='ltr'><em>Ἐρεχθειδᾶν</em></span> 
     </span>
    </p>

    <p class='ocr_par' dir='ltr' id='par_1_6' title="bbox 403 411 1133 570">
     <span class='ocr_line' id='line_1_6' title="bbox 403 411 1133 486; baseline -0.004 -15"><span class='ocrx_word' id='word_1_12' title='bbox 403 413 644 486; x_wconf 59' lang='grc' dir='ltr'><em>ἀρχαγὸν</em></span> <span class='ocrx_word' id='word_1_13' title='bbox 669 413 766 469; x_wconf 85' lang='grc' dir='ltr'><em>τὸν</em></span> <span class='ocrx_word' id='word_1_14' title='bbox 796 411 1133 482; x_wconf 78' lang='grc' dir='ltr'><em>εὐπατρίδαν</em></span> 
     </span>
     <span class='ocr_line' id='line_1_7' title="bbox 403 501 1062 570; baseline -0.005 -15"><span class='ocrx_word' id='word_1_15' title='bbox 403 505 682 570; x_wconf 85' lang='grc' dir='ltr'><em>ποιμαίνει</em></span> <span class='ocrx_word' id='word_1_16' title='bbox 707 522 786 562; x_wconf 89' lang='grc' dir='ltr'><em>τις</em></span> <span class='ocrx_word' id='word_1_17' title='bbox 811 501 871 553; x_wconf 81' lang='grc' dir='ltr'><em>ἐν</em></span> <span class='ocrx_word' id='word_1_18' title='bbox 894 506 1062 562; x_wconf 79' lang='grc' dir='ltr'><em>οἴκοις</em></span> 
     </span>
    </p>

    <p class='ocr_par' dir='ltr' id='par_1_7' title="bbox 401 582 1195 654">
     <span class='ocr_line' id='line_1_8' title="bbox 401 582 1195 654; baseline -0.004 -15"><span class='ocrx_word' id='word_1_19' title='bbox 401 582 617 654; x_wconf 77' lang='grc' dir='ltr'><em>κρυπτὰ</em></span> <span class='ocrx_word' id='word_1_20' title='bbox 644 588 799 638; x_wconf 80' lang='grc' dir='ltr'><em>κοίτα</em></span> <span class='ocrx_word' id='word_1_21' title='bbox 824 584 1027 653; x_wconf 83' lang='grc' dir='ltr'><em>λεχέων</em></span> <span class='ocrx_word' id='word_1_22' title='bbox 1052 588 1195 648; x_wconf 80' lang='grc' dir='ltr'><em>σῶν;</em></span> 
     </span>
    </p>

    <p class='ocr_par' dir='ltr' id='par_1_8' title="bbox 405 665 1127 739">
     <span class='ocr_line' id='line_1_9' title="bbox 405 665 1127 739; baseline -0.004 -15"><span class='ocrx_word' id='word_1_23' title='bbox 405 665 435 739; x_wconf 82' lang='grc' dir='ltr'><em>ἢ</em></span> <span class='ocrx_word' id='word_1_24' title='bbox 458 668 735 739; x_wconf 80' lang='grc' dir='ltr'><em>ναυβάτας</em></span> <span class='ocrx_word' id='word_1_25' title='bbox 757 690 837 732; x_wconf 91' lang='grc' dir='ltr'><em>τις</em></span> <span class='ocrx_word' id='word_1_26' title='bbox 861 672 1127 722; x_wconf 79' lang='grc' dir='ltr'><em>ἔπλευσεν</em></span> 
     </span>
    </p>

    <p class='ocr_par' dir='ltr' id='par_1_9' title="bbox 402 749 1033 824">
     <span class='ocr_line' id='line_1_10' title="bbox 402 749 1033 824; baseline -0.003 -16"><span class='ocrx_word' id='word_1_27' title='bbox 402 753 620 824; x_wconf 85' lang='grc' dir='ltr'><em>Κρήτας</em></span> <span class='ocrx_word' id='word_1_28' title='bbox 647 755 867 823; x_wconf 79' lang='grc' dir='ltr'><em>ἕξορμος</em></span> <span class='ocrx_word' id='word_1_29' title='bbox 894 749 1033 822; x_wconf 76' lang='grc' dir='ltr'><em>ἀνὴρ</em></span> 
     </span>
    </p>

    <p class='ocr_par' dir='ltr' id='par_1_10' title="bbox 401 834 1383 994">
     <span class='ocr_line' id='line_1_11' title="bbox 401 834 1383 909; baseline 0 -18"><span class='ocrx_word' id='word_1_30' title='bbox 401 840 594 909; x_wconf 86' lang='grc' dir='ltr'><em>λιμένα</em></span> <span class='ocrx_word' id='word_1_31' title='bbox 619 837 714 892; x_wconf 85' lang='grc' dir='ltr'><em>τὸν</em></span> <span class='ocrx_word' id='word_1_32' title='bbox 740 835 1116 902; x_wconf 79' lang='grc' dir='ltr'><em>εὐξεινότατον</em></span> <span class='ocrx_word' id='word_1_33' title='bbox 1141 834 1383 905; x_wconf 75' lang='grc' dir='ltr'><em>ναύταις,</em></span> 
     </span>
     <span class='ocr_line' id='line_1_12' title="bbox 406 922 1141 994; baseline -0.004 -17"><span class='ocrx_word' id='word_1_34' title='bbox 406 922 594 994; x_wconf 89' lang='grc' dir='ltr'><em>φάμαν</em></span> <span class='ocrx_word' id='word_1_35' title='bbox 620 925 849 992; x_wconf 79' lang='grc' dir='ltr'><em>πέμπων</em></span> <span class='ocrx_word' id='word_1_36' title='bbox 873 926 1141 993; x_wconf 68' lang='grc' dir='ltr'><em>βασιλείᾳ,</em></span> 
     </span>
    </p>

    <p class='ocr_par' dir='ltr' id='par_1_11' title="bbox 404 1003 1059 1080">
     <span class='ocr_line' id='line_1_13' title="bbox 404 1003 1059 1080; baseline -0.003 -18"><span class='ocrx_word' id='word_1_37' title='bbox 404 1008 550 1080; x_wconf 78' lang='grc' dir='ltr'><em>λύπα</em></span> <span class='ocrx_word' id='word_1_38' title='bbox 579 1005 630 1061; x_wconf 84' lang='grc' dir='ltr'><em>δ’</em></span> <span class='ocrx_word' id='word_1_39' title='bbox 661 1003 801 1076; x_wconf 75' lang='grc' dir='ltr'><em>ὑπὲρ</em></span> <span class='ocrx_word' id='word_1_40' title='bbox 830 1007 1059 1061; x_wconf 84' lang='grc' dir='ltr'><em>παθέων</em></span> 
     </span>
    </p>

    <p class='ocr_par' dir='ltr' id='par_1_12' title="bbox 407 1089 1073 1160">
     <span class='ocr_line' id='line_1_14' title="bbox 407 1089 1073 1160; baseline -0.003 -14"><span class='ocrx_word' id='word_1_41' title='bbox 407 1089 599 1147; x_wconf 77' lang='grc' dir='ltr'><em>εὐναία</em></span> <span class='ocrx_word' id='word_1_42' title='bbox 624 1093 839 1146; x_wconf 88' lang='grc' dir='ltr'><em>δέδεται</em></span> <span class='ocrx_word' id='word_1_43' title='bbox 861 1089 1073 1160; x_wconf 79' lang='grc' dir='ltr'><em>ψυχάν;</em></span> 
     </span>
    </p>

    <p class='ocr_par' dir='ltr' id='par_1_13' title="bbox 401 1174 1351 1334">
     <span class='ocr_line' id='line_1_15' title="bbox 403 1174 1351 1249; baseline -0.003 -18"><span class='ocrx_word' id='word_1_44' title='bbox 403 1184 556 1247; x_wconf 83' lang='grc' dir='ltr'><em>φιλεῖ</em></span> <span class='ocrx_word' id='word_1_45' title='bbox 576 1176 636 1231; x_wconf 74' lang='grc' dir='ltr'><em>δὲ</em></span> <span class='ocrx_word' id='word_1_46' title='bbox 660 1181 726 1249; x_wconf 79' lang='grc' dir='ltr'><em>τᾷ</em></span> <span class='ocrx_word' id='word_1_47' title='bbox 751 1174 1042 1248; x_wconf 80' lang='grc' dir='ltr'><em>δυστρόπω</em></span> <span class='ocrx_word' id='word_1_48' title='bbox 1067 1179 1351 1244; x_wconf 74' lang='grc' dir='ltr'><em>γυναικῶν</em></span> 
     </span>
     <span class='ocr_line' id='line_1_16' title="bbox 401 1259 1101 1334; baseline -0.006 -18"><span class='ocrx_word' id='word_1_49' title='bbox 401 1259 638 1334; x_wconf 78' lang='grc' dir='ltr'><em>ἁρμονίᾳ</em></span> <span class='ocrx_word' id='word_1_50' title='bbox 664 1266 806 1332; x_wconf 78' lang='grc' dir='ltr'><em>κακᾷ</em></span> <span class='ocrx_word' id='word_1_51' title='bbox 831 1259 1101 1322; x_wconf 88' lang='grc' dir='ltr'><em>δύστανος</em></span> 
     </span>
    </p>

    <p class='ocr_par' dir='ltr' id='par_1_14' title="bbox 403 1344 985 1417">
     <span class='ocr_line' id='line_1_17' title="bbox 403 1344 985 1417; baseline -0.003 -17"><span class='ocrx_word' id='word_1_52' title='bbox 403 1344 676 1417; x_wconf 76' lang='grc' dir='ltr'><em>ἀμηχανία</em></span> <span class='ocrx_word' id='word_1_53' title='bbox 703 1356 985 1399; x_wconf 71' lang='grc' dir='ltr'><em>συνοικεῖν</em></span> 
     </span>
    </p>

    <p class='ocr_par' dir='ltr' id='par_1_15' title="bbox 403 1426 1182 1500">
     <span class='ocr_line' id='line_1_18' title="bbox 403 1426 1182 1500; baseline -0.006 -14"><span class='ocrx_word' id='word_1_54' title='bbox 403 1429 624 1486; x_wconf 74' lang='grc' dir='ltr'><em>ὠδίνων</em></span> <span class='ocrx_word' id='word_1_55' title='bbox 648 1453 703 1484; x_wconf 90' lang='grc' dir='ltr'><em>τε</em></span> <span class='ocrx_word' id='word_1_56' title='bbox 729 1430 820 1484; x_wconf 83' lang='grc' dir='ltr'><em>καὶ</em></span> <span class='ocrx_word' id='word_1_57' title='bbox 847 1426 1182 1500; x_wconf 77' lang='grc' dir='ltr'><em>ἀφροσύνας.</em></span> 
     </span>
    </p>

    <p class='ocr_par' dir='ltr' id='par_1_16' title="bbox 403 1507 1458 1669">
     <span class='ocr_line' id='line_1_19' title="bbox 405 1507 1458 1586; baseline -0.006 -16"><span class='ocrx_word' id='word_1_58' title='bbox 405 1513 478 1570; x_wconf 76' lang='grc' dir='ltr'><em>δι’</em></span> <span class='ocrx_word' id='word_1_59' title='bbox 510 1518 638 1585; x_wconf 81' lang='grc' dir='ltr'><em>ἐμᾶς</em></span> <span class='ocrx_word' id='word_1_60' title='bbox 662 1507 790 1586; x_wconf 80' lang='grc' dir='ltr'><em>ᾗξέν</em></span> <span class='ocrx_word' id='word_1_61' title='bbox 814 1535 942 1569; x_wconf 88' lang='grc' dir='ltr'><em>ποτε</em></span> <span class='ocrx_word' id='word_1_62' title='bbox 966 1512 1171 1583; x_wconf 78' lang='grc' dir='ltr'><em>νηδύος</em></span> <span class='ocrx_word' id='word_1_63' title='bbox 1195 1508 1284 1566; x_wconf 74' lang='grc' dir='ltr'><em>ἅδ’</em></span> <span class='ocrx_word' id='word_1_64' title='bbox 1314 1507 1458 1580; x_wconf 76' lang='grc' dir='ltr'><em>αὔρα</em></span> 
     </span>
     <span class='ocr_line' id='line_1_20' title="bbox 403 1595 1141 1669; baseline -0.005 -14"><span class='ocrx_word' id='word_1_65' title='bbox 403 1599 503 1654; x_wconf 81' lang='grc' dir='ltr'><em>τὰν</em></span> <span class='ocrx_word' id='word_1_66' title='bbox 529 1597 582 1655; x_wconf 84' lang='grc' dir='ltr'><em>δ’</em></span> <span class='ocrx_word' id='word_1_67' title='bbox 615 1596 843 1669; x_wconf 76' lang='grc' dir='ltr'><em>εὕλοχον</em></span> <span class='ocrx_word' id='word_1_68' title='bbox 869 1595 1141 1667; x_wconf 80' lang='grc' dir='ltr'><em>οὐρανίαν</em></span> 
     </span>
    </p>

    <p class='ocr_par' dir='ltr' id='par_1_17' title="bbox 387 1679 1428 1926">
     <span class='ocr_line' id='line_1_21' title="bbox 402 1679 1138 1755; baseline -0.005 -16"><span class='ocrx_word' id='word_1_69' title='bbox 402 1685 573 1750; x_wconf 82' lang='grc' dir='ltr'><em>τόξων</em></span> <span class='ocrx_word' id='word_1_70' title='bbox 601 1685 908 1755; x_wconf 89' lang='grc' dir='ltr'><em>μεδέουσαν</em></span> <span class='ocrx_word' id='word_1_71' title='bbox 933 1679 1138 1736; x_wconf 82' lang='grc' dir='ltr'><em>άύτευν</em></span> 
     </span>
     <span class='ocr_line' id='line_1_22' title="bbox 387 1762 1428 1840; baseline -0.005 -16"><span class='ocrx_word' id='word_1_72' title='bbox 387 1767 678 1840; x_wconf 76' lang='grc' dir='ltr'><em>Ἀρτεμιν,</em></span> <span class='ocrx_word' id='word_1_73' title='bbox 705 1773 802 1823; x_wconf 79' lang='grc' dir='ltr'><em>καί</em></span> <span class='ocrx_word' id='word_1_74' title='bbox 819 1791 912 1839; x_wconf 85' lang='grc' dir='ltr'><em>μοι</em></span> <span class='ocrx_word' id='word_1_75' title='bbox 936 1766 1316 1836; x_wconf 84' lang='grc' dir='ltr'><em>πολυζήλωτος</em></span> <span class='ocrx_word' id='word_1_76' title='bbox 1344 1762 1428 1820; x_wconf 77' lang='grc' dir='ltr'><em>ἀεὶ</em></span> 
     </span>
     <span class='ocr_line' id='line_1_23' title="bbox 404 1852 924 1926; baseline -0.006 -18"><span class='ocrx_word' id='word_1_77' title='bbox 404 1852 509 1908; x_wconf 75' lang='grc' dir='ltr'><em>σὺν</em></span> <span class='ocrx_word' id='word_1_78' title='bbox 533 1862 718 1909; x_wconf 82' lang='grc' dir='ltr'><em>θεοῖσι</em></span> <span class='ocrx_word' id='word_1_79' title='bbox 742 1858 924 1926; x_wconf 81' lang='grc' dir='ltr'><em>φοιτᾷ.</em></span> 
     </span>
    </p>

    <p class='ocr_par' dir='ltr' id='par_1_18' title="bbox 404 1934 1462 2093">
     <span class='ocr_line' id='line_1_24' title="bbox 404 1934 1462 2008; baseline -0.003 -16"><span class='ocrx_word' id='word_1_80' title='bbox 404 1936 524 1992; x_wconf 73' lang='grc' dir='ltr'><em>ἀλλ’</em></span> <span class='ocrx_word' id='word_1_81' title='bbox 557 1935 655 2008; x_wconf 80' lang='grc' dir='ltr'><em>ἥδε</em></span> <span class='ocrx_word' id='word_1_82' title='bbox 687 1936 889 2008; x_wconf 87' lang='grc' dir='ltr'><em>τροφὸς</em></span> <span class='ocrx_word' id='word_1_83' title='bbox 915 1934 1108 2007; x_wconf 78' lang='grc' dir='ltr'><em>γεραιὰ</em></span> <span class='ocrx_word' id='word_1_84' title='bbox 1132 1934 1236 2004; x_wconf 86' lang='grc' dir='ltr'><em>πρὸ</em></span> <span class='ocrx_word' id='word_1_85' title='bbox 1263 1941 1462 2003; x_wconf 77' lang='grc' dir='ltr'><em>θυρῶν</em></span> 
     </span>
     <span class='ocr_line' id='line_1_25' title="bbox 404 2019 1346 2093; baseline -0.003 -16"><span class='ocrx_word' id='word_1_86' title='bbox 404 2023 568 2093; x_wconf 83' lang='grc' dir='ltr'><em>τήνδε</em></span> <span class='ocrx_word' id='word_1_87' title='bbox 592 2019 869 2092; x_wconf 80' lang='grc' dir='ltr'><em>κομίζουσ’</em></span> <span class='ocrx_word' id='word_1_88' title='bbox 900 2026 999 2087; x_wconf 82' lang='grc' dir='ltr'><em>ἔξω</em></span> <span class='ocrx_word' id='word_1_89' title='bbox 1024 2020 1346 2091; x_wconf 80' lang='grc' dir='ltr'><em>μελάθρων·</em></span> 
     </span>
    </p>
   </div>
   <div class='ocr_carea' id='block_1_5' title="bbox 404 2101 1515 2177">
    <p class='ocr_par' dir='ltr' id='par_1_19' title="bbox 404 2101 1515 2177">
     <span class='ocr_line' id='line_1_26' title="bbox 404 2101 1515 2177; baseline -0.005 -15"><span class='ocrx_word' id='word_1_90' title='bbox 404 2105 644 2177; x_wconf 83' lang='grc' dir='ltr'><em>στυγνὸν</em></span> <span class='ocrx_word' id='word_1_91' title='bbox 671 2104 719 2161; x_wconf 81' lang='grc' dir='ltr'><em>δ’</em></span> <span class='ocrx_word' id='word_1_92' title='bbox 753 2104 985 2175; x_wconf 82' lang='grc' dir='ltr'><em>ὀφρύων</em></span> <span class='ocrx_word' id='word_1_93' title='bbox 1010 2107 1179 2175; x_wconf 87' lang='grc' dir='ltr'><em>νέφος</em></span> <span class='ocrx_word' id='word_1_94' title='bbox 1207 2101 1515 2169; x_wconf 81' lang='grc' dir='ltr'><em>αὐξάνεται.</em></span> 
     </span>
    </p>
   </div>
   <div class='ocr_carea' id='block_1_6' title="bbox 404 2188 1429 2601">
    <p class='ocr_par' dir='ltr' id='par_1_20' title="bbox 404 2188 1370 2346">
     <span class='ocr_line' id='line_1_27' title="bbox 404 2188 1370 2261; baseline -0.003 -15"><span class='ocrx_word' id='word_1_95' title='bbox 404 2198 461 2246; x_wconf 85' lang='grc' dir='ltr'><em>τί</em></span> <span class='ocrx_word' id='word_1_96' title='bbox 481 2188 600 2246; x_wconf 80' lang='grc' dir='ltr'><em>ποτ’</em></span> <span class='ocrx_word' id='word_1_97' title='bbox 631 2197 742 2246; x_wconf 80' lang='grc' dir='ltr'><em>ἔστι</em></span> <span class='ocrx_word' id='word_1_98' title='bbox 763 2198 966 2261; x_wconf 81' lang='grc' dir='ltr'><em>μαθεῖν</em></span> <span class='ocrx_word' id='word_1_99' title='bbox 992 2194 1178 2258; x_wconf 83' lang='grc' dir='ltr'><em>ἔραται</em></span> <span class='ocrx_word' id='word_1_100' title='bbox 1204 2188 1370 2259; x_wconf 68' lang='grc' dir='ltr'><em>ψυχή,</em></span> 
     </span>
     <span class='ocr_line' id='line_1_28' title="bbox 409 2276 776 2346; baseline -0.003 -15"><span class='ocrx_word' id='word_1_101' title='bbox 409 2283 464 2331; x_wconf 86' lang='grc' dir='ltr'><em>τί</em></span> <span class='ocrx_word' id='word_1_102' title='bbox 485 2276 776 2346; x_wconf 86' lang='grc' dir='ltr'><em>δεδήληται</em></span> 
     </span>
    </p>

    <p class='ocr_par' dir='ltr' id='par_1_21' title="bbox 411 2358 1219 2432">
     <span class='ocr_line' id='line_1_29' title="bbox 411 2358 1219 2432; baseline -0.005 -17"><span class='ocrx_word' id='word_1_103' title='bbox 411 2363 575 2432; x_wconf 88' lang='grc' dir='ltr'><em>δέμας</em></span> <span class='ocrx_word' id='word_1_104' title='bbox 600 2358 900 2430; x_wconf 81' lang='grc' dir='ltr'><em>άλλόχροον</em></span> <span class='ocrx_word' id='word_1_105' title='bbox 925 2364 1219 2431; x_wconf 88' lang='grc' dir='ltr'><em>βασιλείας.</em></span> 
     </span>
    </p>

    <p class='ocr_par' dir='ltr' id='par_1_22' title="bbox 404 2438 1429 2601">
     <span class='ocr_line' id='line_1_30' title="bbox 404 2438 1429 2515; baseline -0.004 -15"><span class='ocrx_word' id='word_1_106' title='bbox 404 2438 446 2500; x_wconf 69' lang='grc' dir='ltr'><em>ὦ</em></span> <span class='ocrx_word' id='word_1_107' title='bbox 471 2444 611 2500; x_wconf 80' lang='grc' dir='ltr'><em>κακὰ</em></span> <span class='ocrx_word' id='word_1_108' title='bbox 633 2450 860 2515; x_wconf 79' lang='grc' dir='ltr'><em>θνητῶν</em></span> <span class='ocrx_word' id='word_1_109' title='bbox 883 2449 1150 2514; x_wconf 78' lang='grc' dir='ltr'><em>στυγεραί</em></span> <span class='ocrx_word' id='word_1_110' title='bbox 1174 2465 1231 2498; x_wconf 88' lang='grc' dir='ltr'><em>τε</em></span> <span class='ocrx_word' id='word_1_111' title='bbox 1258 2442 1429 2497; x_wconf 87' lang='grc' dir='ltr'><em>νόσοι.</em></span> 
     </span>
     <span class='ocr_line' id='line_1_31' title="bbox 407 2527 1411 2601; baseline -0.004 -16"><span class='ocrx_word' id='word_1_112' title='bbox 407 2536 464 2585; x_wconf 84' lang='grc' dir='ltr'><em>τί</em></span> <span class='ocrx_word' id='word_1_113' title='bbox 483 2527 533 2585; x_wconf 79' lang='grc' dir='ltr'><em>σ’</em></span> <span class='ocrx_word' id='word_1_114' title='bbox 564 2528 668 2601; x_wconf 75' lang='grc' dir='ltr'><em>ἐγώ</em></span> <span class='ocrx_word' id='word_1_115' title='bbox 696 2529 909 2599; x_wconf 76' lang='grc' dir='ltr'><em>δράσως</em></span> <span class='ocrx_word' id='word_1_116' title='bbox 938 2535 996 2583; x_wconf 83' lang='grc' dir='ltr'><em>τί</em></span> <span class='ocrx_word' id='word_1_117' title='bbox 1014 2528 1074 2583; x_wconf 76' lang='grc' dir='ltr'><em>δὲ</em></span> <span class='ocrx_word' id='word_1_118' title='bbox 1097 2527 1169 2599; x_wconf 89' lang='grc' dir='ltr'><em>μὴ</em></span> <span class='ocrx_word' id='word_1_119' title='bbox 1197 2527 1411 2597; x_wconf 83' lang='grc' dir='ltr'><em>δράσω;</em></span> 
     </span>
    </p>
   </div>
   <div class='ocr_carea' id='block_1_7' title="bbox 409 2609 1511 2685">
    <p class='ocr_par' dir='ltr' id='par_1_23' title="bbox 409 2609 1511 2685">
     <span class='ocr_line' id='line_1_32' title="bbox 409 2609 1511 2685; baseline -0.003 -16"><span class='ocrx_word' id='word_1_120' title='bbox 409 2616 533 2670; x_wconf 85' lang='grc' dir='ltr'><em>τόδε</em></span> <span class='ocrx_word' id='word_1_121' title='bbox 558 2632 645 2669; x_wconf 94' lang='grc' dir='ltr'><em>σοι</em></span> <span class='ocrx_word' id='word_1_122' title='bbox 671 2618 900 2685; x_wconf 63' lang='grc' dir='ltr'><em>φέγγος,</em></span> <span class='ocrx_word' id='word_1_123' title='bbox 930 2611 1175 2685; x_wconf 87' lang='grc' dir='ltr'><em>λαμπρὸς</em></span> <span class='ocrx_word' id='word_1_124' title='bbox 1199 2609 1285 2667; x_wconf 81' lang='grc' dir='ltr'><em>ὅδ’</em></span> <span class='ocrx_word' id='word_1_125' title='bbox 1315 2610 1511 2681; x_wconf 72' lang='grc' dir='ltr'><em>αἰθήρ</em></span> 
     </span>
    </p>
   </div>
   <div class='ocr_carea' id='block_1_8' title="bbox 410 2695 1410 2936">
    <p class='ocr_par' dir='ltr' id='par_1_24' title="bbox 410 2695 1410 2936">
     <span class='ocr_line' id='line_1_33' title="bbox 411 2695 1192 2769; baseline -0.003 -16"><span class='ocrx_word' id='word_1_126' title='bbox 411 2704 509 2765; x_wconf 80' lang='grc' dir='ltr'><em>ἔξω</em></span> <span class='ocrx_word' id='word_1_127' title='bbox 535 2698 595 2752; x_wconf 71' lang='grc' dir='ltr'><em>δὲ</em></span> <span class='ocrx_word' id='word_1_128' title='bbox 622 2699 808 2769; x_wconf 85' lang='grc' dir='ltr'><em>δόμων</em></span> <span class='ocrx_word' id='word_1_129' title='bbox 831 2695 937 2768; x_wconf 77' lang='grc' dir='ltr'><em>ἤδη</em></span> <span class='ocrx_word' id='word_1_130' title='bbox 961 2703 1192 2767; x_wconf 83' lang='grc' dir='ltr'><em>νοσερᾶς</em></span> 
     </span>
     <span class='ocr_line' id='line_1_34' title="bbox 410 2786 826 2855; baseline -0.005 -17"><span class='ocrx_word' id='word_1_131' title='bbox 410 2786 602 2853; x_wconf 89' lang='grc' dir='ltr'><em>δέμνια</em></span> <span class='ocrx_word' id='word_1_132' title='bbox 627 2789 826 2855; x_wconf 84' lang='grc' dir='ltr'><em>κοίτης.</em></span> 
     </span>
     <span class='ocr_line' id='line_1_35' title="bbox 412 2856 1410 2936; baseline -0.004 -14"><span class='ocrx_word' id='word_1_133' title='bbox 412 2873 578 2935; x_wconf 85' lang='grc' dir='ltr'><em>δεῦρο</em></span> <span class='ocrx_word' id='word_1_134' title='bbox 602 2865 705 2936; x_wconf 71' lang='grc' dir='ltr'><em>γὰρ</em></span> <span class='ocrx_word' id='word_1_135' title='bbox 733 2869 920 2921; x_wconf 82' lang='grc' dir='ltr'><em>ἐλθεῖν</em></span> <span class='ocrx_word' id='word_1_136' title='bbox 945 2871 1054 2921; x_wconf 83' lang='grc' dir='ltr'><em>πᾶν</em></span> <span class='ocrx_word' id='word_1_137' title='bbox 1081 2870 1208 2929; x_wconf 84' lang='grc' dir='ltr'><em>ἔπος</em></span> <span class='ocrx_word' id='word_1_138' title='bbox 1233 2856 1302 2932; x_wconf 81' lang='grc' dir='ltr'><em>ἦν</em></span> <span class='ocrx_word' id='word_1_139' title='bbox 1329 2881 1410 2919; x_wconf 82' lang='grc' dir='ltr'><em>σοι</em></span> 
     </span>
    </p>
   </div>
   <div class='ocr_carea' id='block_1_9' title="bbox 1668 332 1765 389">
    <p class='ocr_par' dir='ltr' id='par_1_25' title="bbox 1668 332 1765 389">
     <span class='ocr_line' id='line_1_36' title="bbox 1668 332 1765 389; baseline -0.01 0"><span class='ocrx_word' id='word_1_140' title='bbox 1668 332 1765 389; x_wconf 72' lang='grc' dir='ltr'><em>ἀντ</em></span> 
     </span>
    </p>
   </div>
   <div class='ocr_carea' id='block_1_10' title="bbox 1794 266 1869 308">
    <p class='ocr_par' dir='ltr' id='par_1_26' title="bbox 1794 266 1869 308">
     <span class='ocr_line' id='line_1_37' title="bbox 1794 266 1869 308; baseline 0.013 -1"><span class='ocrx_word' id='word_1_141' title='bbox 1794 266 1869 308; x_wconf 79' lang='lat'><em>150</em></span> 
     </span>
    </p>
   </div>
   <div class='ocr_carea' id='block_1_11' title="bbox 1793 686 1870 727">
    <p class='ocr_par' dir='ltr' id='par_1_27' title="bbox 1793 686 1870 727">
     <span class='ocr_line' id='line_1_38' title="bbox 1793 686 1870 727; baseline 0.013 -2"><span class='ocrx_word' id='word_1_142' title='bbox 1793 686 1870 727; x_wconf 63' lang='lat'><em>1⁸25</em></span> 
     </span>
    </p>
   </div>
   <div class='ocr_carea' id='block_1_12' title="bbox 1795 1103 1872 1148">
    <p class='ocr_par' dir='ltr' id='par_1_28' title="bbox 1795 1103 1872 1148">
     <span class='ocr_line' id='line_1_39' title="bbox 1795 1103 1872 1148; baseline 0.026 -3"><span class='ocrx_word' id='word_1_143' title='bbox 1795 1103 1872 1148; x_wconf 70' lang='lat'><em>160</em></span> 
     </span>
    </p>
   </div>
   <div class='ocr_carea' id='block_1_13' title="bbox 1791 1525 1869 1569">
    <p class='ocr_par' dir='ltr' id='par_1_29' title="bbox 1791 1525 1869 1569">
     <span class='ocr_line' id='line_1_40' title="bbox 1791 1525 1869 1569; baseline 0.013 -1"><span class='ocrx_word' id='word_1_144' title='bbox 1791 1525 1869 1569; x_wconf 74' lang='lat'><em>165</em></span> 
     </span>
    </p>
   </div>
   <div class='ocr_carea' id='block_1_14' title="bbox 1794 1946 1871 1989">
    <p class='ocr_par' dir='ltr' id='par_1_30' title="bbox 1794 1946 1871 1989">
     <span class='ocr_line' id='line_1_41' title="bbox 1794 1946 1871 1989; baseline -0.052 1"><span class='ocrx_word' id='word_1_145' title='bbox 1794 1946 1871 1989; x_wconf 78' lang='lat'><em>170</em></span> 
     </span>
    </p>
   </div>
   <div class='ocr_carea' id='block_1_15' title="bbox 1793 2368 1875 2414">
    <p class='ocr_par' dir='ltr' id='par_1_31' title="bbox 1793 2368 1875 2414">
     <span class='ocr_line' id='line_1_42' title="bbox 1793 2368 1875 2414; baseline -0.037 -1"><span class='ocrx_word' id='word_1_146' title='bbox 1793 2368 1875 2414; x_wconf 71' lang='lat'><em>175</em></span> 
     </span>
    </p>
   </div>
   <div class='ocr_carea' id='block_1_16' title="bbox 1792 2788 1874 2834">
    <p class='ocr_par' dir='ltr' id='par_1_32' title="bbox 1792 2788 1874 2834">
     <span class='ocr_line' id='line_1_43' title="bbox 1792 2788 1874 2834; baseline 0.024 -2"><span class='ocrx_word' id='word_1_147' title='bbox 1792 2788 1874 2834; x_wconf 80' lang='lat'><em>180</em></span> 
     </span>
    </p>
   </div>
  </div>
 </body>
</html>
