2022 3126
150 640 246 688 TP.

136 2077 246 2124 XO.

136 2414 233 2462 TP.

129 2498 245 2545 XO.

137 2582 236 2630 TP.

136 2667 179 2714 Χ
183 2667 227 2714 O
234 2705 244 2714 .

136 2751 233 2799 TP.

134 2836 244 2883 XO.

763 74 794 118 I
795 73 900 118 ΠΠ
905 74 997 119 ΟΛ
1003 74 1048 118 Y
1052 73 1184 118 ΤΟΣ
1698 69 1798 121 423

333 213 565 283 κρύπτε·
594 209 714 267 κατ’
750 209 930 266 ὅσσων
960 211 1137 282 δάκρυ
1164 235 1254 282 μοι
1279 218 1476 285 βαίνει,
1716 225 1799 269 245

331 299 423 352 καὶ
448 294 534 352 ἐπ’
563 294 832 366 αἰσχύναν
857 292 1002 366 ὄμμα
1027 299 1333 367 τέτραπται.

330 381 388 436 τὸ
417 380 521 453 γὰρ
546 377 862 451 ὀρθοῦσθαι
887 380 1111 450 γνῶμαν
1138 378 1330 455 ὀδυνᾷ,

331 464 388 520 τὸ
417 467 478 521 δὲ
500 462 835 536 μαινόμενον
859 466 1056 520 κακόν·
1107 462 1243 520 ἀλλὰ
1266 479 1458 536 κρατεῖ

331 549 403 620 μὴ
429 546 792 620 γιγνώσκοντ’
821 547 1145 605 ἀπολέσθαι.

330 635 555 705 κρύπτω
573 651 585 663 ·
611 632 671 688 τὸ
699 638 731 689 δ
739 630 751 650 ’
781 632 912 704 ἐμὸν
935 633 1065 690 πότε
1091 632 1157 703 δὴ
1184 633 1423 700 θάνατος
1714 653 1798 695 250

329 724 483 789 σῶμα
507 719 767 783 καλύψας

331 802 504 857 πολλὰ
529 803 778 858 διδάσκει
802 800 858 874 μ’
887 799 914 857 ὁ
941 801 1112 867 πολὺς
1137 809 1331 873 βίοτος.

329 893 467 958 χρῆν
492 885 596 959 γὰρ
623 894 845 958 μετρίας
871 892 947 951 εἰς
971 884 1242 957 ἀλλήλους

330 977 515 1041 φιλίας
539 971 782 1042 θνητοὺς
807 968 1212 1043 ἀνακίρνασθαι

329 1057 419 1111 καὶ
444 1055 517 1127 μὴ
545 1055 682 1127 πρὸς
706 1053 879 1126 ἄκρον
902 1054 1108 1126 μυελὸν
1132 1063 1324 1127 ψυχῆς,
1713 1077 1794 1119 255

277 1216 280 1219 Δ
329 1137 533 1195 εὔλυτα
560 1145 592 1196 δ
602 1139 614 1159 ’
643 1140 784 1196 εἶναι
809 1143 1123 1213 στέργηθρα
1148 1147 1374 1212 φρενῶν

327 1223 433 1281 ἀπό
459 1223 506 1279 τ’
539 1223 791 1280 ὤσασθαι
815 1227 907 1280 καὶ
931 1228 1225 1291 ξυντεῖναι.

324 1309 383 1365 τὸ
409 1307 460 1365 δ’
492 1307 630 1381 ὑπὲρ
658 1315 864 1365 δισσῶν
891 1316 1023 1381 μιάν
1047 1307 1272 1365 ὠδίνειν

324 1392 507 1465 ψυχὴν
531 1393 770 1464 χαλεπὸν
793 1395 987 1465 βάρος,
1018 1392 1089 1459 ῶς
1113 1391 1261 1465 κᾶγῶ

326 1476 481 1550 τῆσδ’
509 1476 822 1549 ὑπεραλγῶ.
1709 1499 1793 1542 '260

324 1563 513 1634 βιότου
543 1569 575 1618 δ
585 1561 596 1580 '
627 1562 871 1636 άτρεκεῐς
897 1563 1269 1634 ἐπιτηδεύσεις

323 1650 460 1718 φασὶ
488 1648 756 1718 σφάλλειν
783 1650 950 1704 πλέον
975 1644 1009 1718 ἢ
1033 1650 1254 1719 τέρπειν

321 1738 386 1805 τῇ
410 1730 460 1787 τ’
495 1730 688 1804 εὐσοία
713 1738 921 1804 μᾶλλον
946 1739 1219 1804 πολεμεῖν.

324 1814 468 1872 οὕτω
492 1814 552 1872 τὸ
577 1823 704 1872 λίαν
727 1809 899 1887 ἧσσον
924 1820 1129 1872 ἐπαινῶ

324 1907 422 1956 τοῦ
449 1901 622 1972 μηδὲν
651 1899 816 1972 ἄγαν·
1706 1921 1787 1964 265

322 1987 413 2040 καὶ
435 1983 784 2057 ξυμφήσουσι
807 1993 976 2057 σοφοί
995 2010 1102 2058 μοι.

318 2070 484 2140 γύναι
508 2071 727 2141 γεραιά,
754 2076 1035 2142 βασιλίδος
1059 2070 1220 2142 πιστὴ
1248 2074 1419 2144 τροφὲ

321 2160 591 2224 Φαίδρας,
617 2153 727 2225 ὁρῶ
752 2156 853 2226 μὲν
874 2156 1039 2212 τάσδε
1064 2156 1372 2227 δυστήνους
1395 2159 1577 2230 τύχας,

323 2237 501 2310 ἄσημα
531 2237 581 2294 δ’
613 2237 744 2310 ἡμῖν
766 2237 883 2310 ἥτις
907 2243 1054 2296 ἐστὶν
1077 2238 1112 2311 ἡ
1135 2240 1297 2306 νόσος
1312 2260 1323 2269 ·

321 2329 422 2378 σοῦ
450 2319 493 2378 6⁰
523 2319 590 2378 ἂν
609 2326 896 2380 πυθέσθαι
913 2327 1004 2380 καὶ
1022 2325 1213 2380 κλύειν
1235 2326 1556 2398 βουλοίμεθ’
1587 2326 1670 2384 ἅν.
1703 2343 1784 2388 270

315 2404 416 2463 οὐκ
444 2405 550 2463 οἷδ’
579 2411 859 2479 ἐλέγχους·
888 2407 955 2465 οὐ
979 2408 1083 2480 γὰρ
1109 2412 1360 2465 ἐννέπειν
1386 2415 1555 2468 θέλει.

317 2489 441 2547 οὐδ’
469 2489 586 2563 ἥτις
609 2491 746 2563 ἀρχὴ
772 2498 948 2550 τῶνδε
972 2495 1234 2566 πημάτων
1260 2501 1397 2559 ἔφυς

322 2582 397 2640 εἰς
421 2573 624 2632 ταύτὸν
648 2574 796 2648 ἥκεις
812 2596 822 2606 ·
850 2578 1026 2634 πάντα
1051 2578 1155 2652 γὰρ
1180 2585 1307 2653 σιγᾷ
1331 2581 1474 2636 τάδε.

315 2658 387 2725 ῶς
412 2658 644 2717 ἀσθενεῖ
662 2685 719 2716 τε
743 2663 835 2717 καὶ
858 2665 1175 2728 κατέξανται
1201 2666 1380 2735 δέμας.

314 2751 428 2809 πῶς
456 2742 509 2800 δ’
540 2743 634 2816 οὔ,
663 2753 910 2815 τριταίαν
935 2741 1058 2803 οὖσ’
1086 2745 1267 2813 ἄσιτος
1290 2746 1528 2822 ’ἡμέρανς
1701 2763 1781 2807 275

314 2830 548 2896 πότερον
574 2827 669 2885 ὑπ’
699 2827 827 2901 ἄτης
851 2827 885 2902 ἢ
909 2840 1108 2888 θανεῖν
1131 2836 1469 2905 πειρωμένης
