2022 3126
647 104 729 145 DE
760 103 1065 145 EVRIPIDIS
1095 103 1272 145 POESI
1646 101 1769 144 XXV

143 231 270 281 adeo
326 230 586 291 nonaginta
637 223 836 293 octo⁸⁸).
910 242 1116 291 quorum
1175 242 1490 276 numerorum
1537 230 1579 278 is
1624 243 1770 293 quem

140 303 293 349 tertio
331 296 437 347 loco
478 296 729 346 attulimus
754 295 1003 346 scribendi
1041 298 1158 345 vitio
1186 295 1356 345 deberi
1393 297 1604 346 videtur:
1644 297 1771 348 XCII

146 367 334 418 fabulas
372 368 456 431 qui
494 373 829 422 numerarunt,
871 364 1244 414 didascaliarum
1282 366 1426 414 fidem
1454 368 1607 414 secuti
1644 374 1770 424 sunt,

146 439 194 486 in
246 435 419 500 quibus
457 434 610 484 XXIII
647 434 931 498 tetralogias
977 436 1283 497 consignatas
1318 443 1660 498 reppererunt.
1721 438 1771 484 in

140 505 433 555 vdidascalias
469 519 600 560 ver0‚
642 512 695 554 ut
734 512 868 554 recte
906 503 1094 554 iudicat
1119 503 1390 559 ElmsleiuS,
1431 504 1505 551 vix
1544 502 1664 552 aliae
1702 506 1771 553 fa-

145 573 290 624 bulae
325 574 506 623 relatae
545 581 688 623 erant
723 589 866 639 quam
906 589 1030 637 quae
1067 588 1216 621 unum
1254 573 1313 621 de
1348 573 1509 622 tribus
1545 575 1773 637 praemiis

136 643 489 693 obtinuissent.
546 645 714 707 itaque
752 645 793 691 si
829 642 1023 708 quando
1049 642 1306 707 Euripides
1343 657 1405 691 ne
1441 644 1640 691 tertIum
1668 644 1772 706 qui·

139 712 257 762 >dem
296 713 567 776 praemium
607 720 899 762 consecutus
937 714 1012 767 sit,
1051 713 1099 760 id
1138 711 1266 777 quod
1305 712 1541 761 accidisse
1580 714 1624 760 ei
1660 727 1774 774 pro-

148 781 310 831 babile
348 789 597 846 putamus,
637 780 746 846 plus
782 782 1043 845 nonaginta
1071 781 1190 830 duas
1227 780 1412 830 fabulas
1449 780 1510 830 ab
1549 796 1606 830 eo
1644 796 1775 829 com-

146 855 329 915 positas
365 850 515 900 fuisse
542 865 743 901 necesse
771 857 858 900 est.
920 866 1128 916 quarum
1164 850 1434 900 fabularum
1475 865 1570 899 non
1599 849 1773 907 nullae,

145 920 279 970 velut
316 920 569 984 Θερισταί,
618 936 678 969 ne
717 919 1055 971 Alexandrinis
1092 921 1287 984 quidem
1334 922 1666 982 grammaticis
1702 921 1774 968 in·

141 997 428 1040 notuerunt.
505 989 648 1039 nobis
696 992 943 1053 octoginta
992 991 1188 1039 circiter
1244 990 1371 1040 tituli
1419 989 1600 1055 proditi
1646 995 1774 1045 sunt,

138 1075 355 1125 quorum
393 1065 708 1122 conspectum
745 1059 1030 1110 subicimus,

200 1165 369 1223 Αἰγεύς
931 1163 1116 1236 Ἐπειός

201 1225 366 1275 Αἴολος
933 1218 1200 1291 Ἐρεχθεύς

196 1277 496 1334 Ἀλέξανδρος
887 1291 928 1324 25
945 1274 1227 1334 Εὐρυσθεύς

201 1338 544 1380 ΑΛΚΗΣΤΙΣ
943 1338 1246 1379 ΗΛΕΚΤΡΑ

155 1386 422 1460 δἈλκμέων
459 1389 483 1436 ὁ
518 1386 599 1434 δια
637 1391 890 1446 Κορίνθου
949 1393 1344 1435 ΗΡΑΚΛΕΙΔΑΙ

195 1442 420 1512 Ἀλκμέων
450 1443 474 1491 ὁ
509 1442 592 1490 διὰ
635 1447 868 1501 Ψωφῖδος
946 1447 1255 1490 ΗΡΑΚΛΗΣ
1270 1446 1725 1491 ΜΑΙΝΟΜΕΝΟΣ

196 1495 422 1569 Ἀλκμήνη
941 1502 1168 1567 &emetat

197 1551 361 1613 Ἀλόπη
883 1568 924 1601 80
943 1553 1122 1625 Θησεύς

202 1614 611 1658 ΑΝΔΡΟΜΑΧΗ
945 1611 1154 1667 Θυέστης

144 1682 187 1714 ιο
197 1664 483 1736 Ἀνδρομέδα
939 1668 1266 1713 ΙΚΕΤΙΔΕΣ

196 1720 432 1790 Ἀντιγόνη
934 1718 1037 1766 Ἰνώ

196 1774 349 1822 'Avn'
314 1795 415 1847 οπη
936 1773 1088 1830 Ἰξίων

196 1829 440 1903 Ἀρχέλαος
884 1830 1219 1883 35Ἶππόλυτος
1250 1830 1604 1887 καλυπτόμενος

200 1888 328 1958 Αὔγη
939 1891 1331 1934 ΙΠΠΟΛΤΤΟΣ
1348 1892 1725 1935 ΣΤΕΦΑΝΙΑΣ

145 1957 185 1991 15
201 1942 465 1997 Αὖτολυκος
937 1947 1292 1989 ΙΦΙΓΕΝΕΙΑ
1326 1949 1376 1989 Η
1404 1948 1500 1989 ΕΝ
1525 1949 1751 1991 ΑΤΛΙΔΙ

199 2005 431 2045 ΒΑΚΧΑΙ
943 2003 1290 2045 ΙΦΙΓΕΝΕΙΑ
1313 2004 1363 2046 Η
1381 2004 1477 2046 ΕΝ
1498 2004 1778 2048 ΤΑΤΡΟΙΣ

200 2053 587 2122 Βελλεροφόντης
941 2058 1077 2100 ΙΩΝ

200 2109 417 2179 Βούσιρις
881 2124 923 2156 40
940 2107 1134 2178 Κάδμος

201 2166 369 2224 Δανάη
936 2165 1244 2232 Κρεσφόντης

144 2235 185 2269 80
203 2227 378 2274 Δίκτυς
938 2222 1151 2279 Κρῆσσαι

202 2283 415 2324 ΕΚΛΒΗ
939 2282 1120 2333 Κρῆτες

200 2337 379 2380 ΕΛΕΝ
381 2337 430 2379 Η
937 2337 1154 2380 ΚΤΚΛΩ
1167 2337 1216 2379 Ψ

258 2488 334 2543 38)
368 2490 505 2532 Gellii
533 2490 682 2532 locum
716 2492 784 2541 17,
815 2491 864 2542 4,
895 2493 920 2532 3
953 2503 1089 2543 supra
1119 2493 1212 2531 not.
1243 2492 1298 2532 20
1327 2490 1478 2532 attuli.
1536 2490 1699 2533 Suidas
1730 2505 1770 2532 v.

144 2540 436 2614 Εὕριπίδηςτ
479 2543 696 2611 δράματα
736 2542 789 2588 δὲ
831 2522 981 2587 αὐτοῦ
1013 2539 1136 2587 κατὰ
1172 2541 1261 2608 μέν
1292 2560 1426 2593 τινας
1456 2540 1532 2596 σε’,
1564 2541 1687 2588 κατὰ
1718 2542 1774 2589 δε

145 2594 314 2648 ἄλλους
353 2595 651 2667 ἐνενήκοντα
685 2594 794 2644 δύο·
833 2596 1068 2665 σώζονται
1101 2596 1155 2643 δε
1185 2593 1264 2665 οξ.
1321 2603 1431 2644 Vita
1459 2604 1566 2644 Eur.
1600 2616 1666 2646 vs,
1697 2605 1773 2644 32.

144 2650 204 2697 τοὶ
231 2649 390 2698 πάντα
421 2650 466 2698 δ’
499 2647 561 2711 ἦν
592 2652 720 2714 αὐτῷ
753 2650 973 2710 δράματα
984 2651 1068 2724 Ῠβ’
1099 2650 1195 2723 (Ῡῆ
1228 2657 1370 2698 codex
1390 2655 1465 2710 B),
1498 2653 1689 2709 σώζεται
1720 2653 1773 2699 δὲ

147 2703 230 2761 οη’.
278 2706 456 2754 τούτων
486 2701 740 2755 νοθεύεται
771 2713 903 2782 τρία,
928 2709 1111 2778 Τέννης
1134 2690 1476 2778 Ραδοίμανθυς
1499 2713 1773 2780 Πειρίθους.

145 2765 253 2806 Vita
281 2780 349 2808 vs.
373 2769 476 2810 128.
505 2783 567 2810 τα
597 2763 755 2810 πάντα
787 2764 837 2810 δ’
869 2758 941 2832 ἦν
962 2762 1088 2831 αὐτῷ
1119 2761 1338 2833 δραματα
1369 2762 1462 2822 9η’·
1493 2762 1685 2830 σώζεται
1717 2763 1771 2809 δὲ

147 2813 295 2862 αὐτοῦ
326 2818 547 2890 δράματα
562 2817 643 2888 ξζ’
673 2822 755 2865 καὶ
785 2817 826 2877 γ’
855 2818 972 2892 πρὸς
1002 2813 1186 2872 τούτοις
1205 2838 1264 2864 τα
1294 2816 1658 2888 αντιλεγόμενα·
1691 2834 1771 2864 σα-

146 2889 312 2929 τυρικα
343 2873 400 2919 δε
429 2873 488 2931 η’.
547 2871 844 2932 αντιλέγεται
877 2875 932 2922 δὲ
963 2878 1045 2921 καὶ
1076 2875 1253 2922 τούτων
1284 2873 1337 2922 τὸ
1369 2895 1428 2924 α.
