2022 3126
132 657 279 706 ΦΑΙ.

747 89 1167 136 ΙΠΠΟΛΊἼὈΣ

319 228 554 298 ὄλωλας,
582 229 845 298 ἐξέφηνας
876 233 951 292 εἰς
978 225 1118 298 φάος
1141 227 1298 283 κακά.

317 320 397 378 τίς
422 331 483 368 σε
511 313 843 382 παναμέριος
875 309 970 367 ὅδε
994 311 1187 382 χρόνος
1209 313 1390 382 με’νει;

318 397 703 453 τελευτάσεταί
722 419 773 450 τι
797 395 992 451 καινὸν
1023 395 1227 466 δόμοις.

319 480 497 553 ἄσημα
528 478 578 536 δ’
609 476 792 536 οὐκέτ’
822 482 969 535 ἐστὶν
994 476 1050 534 οἷ
1076 487 1270 551 φθίνει
1292 480 1427 552 τύχα

317 567 626 637 Κύπριδος,
653 557 696 619 ῶ
719 563 947 620 τάλαινα
972 577 1071 619 παῖ
1092 571 1325 636 Κρησία.

321 650 626 721 Τροιζήνιαι
656 662 941 720 γυναῖκες,
967 655 1030 704 αἳ
1048 648 1163 704 τόδ’
1198 656 1425 720 ἔσχατον

319 741 516 790 οἰκεῖτε
537 733 714 804 χώρας
739 739 1016 798 Πελοπίας
1040 734 1377 805 προνώπιον,

316 817 422 889 ἤδη
451 816 571 874 ποτ’
602 815 778 881 ἄλλως
801 815 1001 882 νυκτὸς
1027 820 1086 873 ἐν
1109 824 1300 892 μακρῷ
1324 817 1505 892 χρόνῳ

318 909 544 974 θνητῶν
568 898 848 974 ἐφρόντισ’
876 895 912 973 ᾗ
937 904 1270 972 διέφθαρται
1299 908 1434 972 βίος.

319 994 416 1042 καί
438 1010 530 1058 μοι
556 991 819 1041 δοκοῦσιν
845 983 912 1040 οὐ
938 984 1074 1040 κατὰ
1098 986 1318 1057 γνώμης
1343 986 1515 1055 φύσιν

317 1071 583 1141 πράσσειν
606 1070 828 1138 κάκιον,
855 1075 968 1125 ἔστι
995 1069 1098 1141 γὰρ
1122 1070 1182 1125 τό
1208 1067 1262 1140 γ’
1296 1063 1360 1125 εὖ
1385 1083 1615 1141 φρονεῖν

315 1162 623 1226 πολλοῖσιν,
650 1152 787 1209 ἀλλὰ
810 1151 931 1226 τῇδ’
961 1151 1236 1225 άθρητεόν
1259 1154 1384 1210 τόδε
1401 1173 1411 1183 ·

315 1238 379 1294 τὰ
404 1237 591 1311 χρήστ’
624 1238 996 1309 ἐπιστάμεσθα
1020 1241 1112 1294 καὶ
1135 1244 1529 1310 γιγνώσκομεν,

318 1321 420 1378 οὐκ
445 1327 786 1393 ἐκπονοῦμεν
811 1320 885 1392 δ’,
911 1327 972 1378 οἳ
991 1323 1093 1393 μὲν
1119 1321 1310 1394 ἀργίας
1334 1321 1459 1387 ὕπο,

321 1414 377 1462 οἳ
397 1405 449 1463 δ’
478 1406 687 1479 ἡδονὴν
711 1409 1013 1478 προθέντες
1037 1405 1160 1463 άντὶ
1183 1414 1282 1462 τοῦ
1306 1413 1479 1463 καλοῦ

313 1489 485 1563 ἄλλην
512 1489 638 1546 τιν’.
666 1493 770 1546 εἰσὶ
795 1488 846 1546 δ’
879 1488 1075 1562 ἡδοναὶ
1098 1493 1295 1547 πολλαὶ
1319 1498 1466 1563 βίου,

314 1584 523 1647 μακραί
542 1599 599 1631 τε
622 1577 807 1646 λέσχαι
831 1577 923 1630 καὶ
947 1577 1128 1647 σχολή,
1153 1575 1392 1647 τερπνὸν
1414 1575 1603 1647 κακόν,

316 1661 483 1725 αἰδώς
512 1683 585 1716 τε.
614 1661 797 1716 δισσαὶ
822 1657 874 1714 δ’
906 1665 1072 1731 εἰσίν,
1098 1659 1133 1732 ἢ
1155 1661 1257 1732 μὲν
1281 1658 1348 1716 οὐ
1374 1661 1531 1731 κακή,

313 1747 350 1815 η’
372 1743 425 1800 δ’
459 1743 630 1816 ἄχθος
656 1753 840 1800 οἴκων.
875 1750 925 1800 εί
946 1743 998 1799 δ’
1029 1743 1056 1800 ὁ
1083 1744 1272 1815 καιρὸς
1302 1738 1372 1816 ἦν
1396 1746 1590 1816 σαφής,

318 1827 420 1884 οὐκ
446 1826 514 1885 ἂν
540 1827 632 1884 δύ’
659 1826 831 1900 ἤστην
854 1826 1008 1884 ταῦτ’
1038 1835 1222 1900 ἔχοντε
1245 1830 1550 1901 γράμματα.

317 1912 474 1969 ταῦτ’
509 1906 612 1969 οὖν
637 1912 827 1984 ἐπειδὴ
851 1914 1103 1984 τυγχάνω
1130 1913 1400 1985 φρονοῦσ’
1431 1915 1554 1985 ἐγώ,

313 1995 415 2053 οὐκ
441 1995 563 2053 ἔσθ’
593 1995 765 2071 ὁποίῳ
793 1999 1063 2073 φαρμάκῳ
1089 2004 1421 2070 διαφθερεῖν

315 2088 568 2153 ἔμελλον,
595 2080 731 2138 ῶστε
755 2079 1063 2152 τοῦμπαλιν
1092 2097 1282 2140 πεσεῖν
1306 2089 1546 2155 φρενῶν.

315 2169 449 2232 λέξω
475 2167 536 2222 δὲ
558 2169 649 2222 καὶ
674 2169 761 2222 σοὶ
785 2172 879 2237 τῆς
902 2170 1031 2238 ε’μῆς
1054 2168 1273 2240 γνώμης
1298 2166 1456 2224 ὁδόν·

319 2254 441 2306 ἐπεί
463 2248 520 2321 μ’
551 2257 685 2320 ἔρως
709 2257 973 2321 ἔτρωσεν,
1001 2253 1274 2307 ἐσκόπουν
1299 2249 1446 2317 ὅπως

316 2332 558 2390 κάλλιστ’
594 2332 870 2406 ἐνέγκαιμ’
899 2333 1084 2390 αὐτόν.
1115 2334 1362 2408 ἠρξάμην
1384 2336 1485 2408 μὲν
1510 2328 1613 2391 οὖν

316 2423 374 2474 ἐκ
400 2423 591 2491 τοῦδε,
624 2426 786 2491 σιγᾶν
814 2422 980 2493 τήνδε
1011 2424 1102 2476 καὶ
1134 2424 1400 2492 κρύπτειν
1430 2422 1615 2479 νόσον.

315 2504 532 2574 γλώσσῃ
555 2502 659 2574 γὰρ
685 2499 853 2557 οὐδὲν
879 2499 1102 2572 πιστόν,
1127 2500 1162 2574 ἢ
1186 2512 1395 2575 θυραῖα
1417 2504 1519 2575 μὲν

319 2585 623 2658 φρονήματ’
654 2583 877 2656 ἀνδρῶν
899 2595 1194 2643 νουθετεῖν
1222 2591 1517 2658 ἐπίσταται,

316 2669 454 2742 αὐτὴ
485 2669 537 2726 δ’
567 2668 668 2742 ὑφ’
698 2667 866 2741 αὐτῆς
889 2678 1113 2726 πλεῖστα
1138 2674 1389 2744 κέκτηται
1415 2673 1570 2728 κακά.

316 2755 376 2811 τὸ
402 2756 664 2826 δεύτερον
689 2755 750 2810 δὲ
773 2754 871 2825 τὴν
897 2752 1092 2811 ἄνοιαν
1118 2749 1182 2812 εὖ
1206 2759 1398 2828 φέρειν

315 2846 389 2913 τῷ
414 2852 726 2910 σωφρονεῖν
750 2845 957 2894 νικῶσα
985 2841 1415 2912 προυνοησάμην

1679 85 1774 139 427

1706 407 1788 451 370

1707 829 1787 873 375

1708 1251 1787 1293 380

1708 1673 1788 1716 385

1707 2094 1791 2137 390

1709 2514 1790 2558 395
