2022 3126
805 96 1080 143 BAKXAI
1654 90 1754 143 123

290 241 387 298 τὸν
411 238 587 296 ἅθεον
611 237 821 308 ἄνομον
846 235 1044 292 ἄδικον
1062 234 1298 307 Ἐχίονος
1670 248 1754 293 995

288 327 453 382 τόκον
475 329 698 396 γηγενῆ.

289 408 349 474 ὃς
375 407 549 482 ἀδίκῳ
576 407 769 479 γνώμᾳ
795 405 1097 480 παρανόμῳ
1123 403 1161 460 τ’
1191 403 1331 478 ὀργᾷ
1554 402 1667 459 ἀντ.

290 496 418 563 περὶ
440 492 505 548 τὰ
529 488 712 562 Βάκχι’
742 488 904 562 ὄργια
928 490 1133 561 ματρός
1157 513 1213 544 τε
1239 496 1337 554 σᾶς

292 584 528 651 μανείσᾳ
560 580 796 647 πραπίδι

293 662 596 736 παρακόπῳ
621 684 678 716 τε
709 660 905 732 λήματι
936 660 1233 726 στέλλεται,
1649 671 1758 712 1000

293 747 393 804 τὰν
420 744 687 802 ἀνίκατον
717 743 791 810 ὡς
819 745 1110 817 κρατήσων
1142 749 1253 815 βίᾳ.

291 833 519 904 γνώμαν
545 827 806 903 σώφρον’,
837 826 871 885 ἃ
895 838 1122 892 θνατοῖς
1148 825 1558 899 ἀπροφάσιστος

295 924 370 982 εἰς
395 915 460 972 τὰ
483 923 637 972 θεῶν
663 921 790 987 ἔφυ,

292 1007 551 1075 βροτείαν
575 997 614 1055 τ’
644 1006 788 1070 ἔχειν
814 997 1024 1063 ἄλυπος
1051 1004 1186 1069 βίος.

292 1087 352 1142 τὸ
377 1084 560 1157 σοφὸν
586 1082 653 1140 οὗ
687 1090 889 1156 φθονῶ
906 1102 916 1112 ·
1654 1092 1759 1134 1005

288 1177 461 1243 χαίρω
491 1166 800 1242 θηρεύουσ’

292 1260 451 1326 ἕτερα
475 1253 685 1327 μεγάλα
713 1254 930 1325 φανερά
955 1251 992 1308 τ’
1022 1251 1130 1308 ὅντ’
1159 1251 1263 1321 ἀεί,

294 1342 383 1397 ἐπὶ
407 1339 473 1396 τὰ
497 1339 637 1395 καλὰ
667 1346 792 1411 βίον

293 1418 439 1496 ἦμαρ
466 1431 542 1490 εἰς
566 1425 743 1480 νύκτα
768 1420 806 1478 τ’
837 1420 1121 1494 εὐαγοῦντ’
1161 1419 1429 1492 εὐσεβεῖν,

294 1510 359 1565 τὰ
387 1508 437 1565 δ’
470 1512 569 1577 ἔξω
594 1509 798 1579 νόμιμα
823 1511 980 1573 δίκας
1004 1507 1272 1578 ἐκβαλόν-
1656 1518 1761 1558 1010

294 1620 359 1650 τα
384 1601 547 1666 τιμᾶν
571 1594 758 1659 θεούς.

296 1688 391 1735 ἴτω
425 1685 554 1735 δίκα
580 1674 853 1750 φανερός,
889 1686 983 1732 ἴτω
1012 1675 1318 1747 ξιφηφόρος

300 1765 619 1836 φονεύουσα
644 1768 858 1834 λαιμῶν
882 1759 1121 1832 διαμπὰξ

296 1848 393 1905 τὸν
417 1846 593 1905 ἄθεον
617 1846 826 1919 ἄνομον
850 1844 1045 1902 ἄδικον
1062 1844 1300 1916 Ἐχίονος
1656 1856 1762 1896 1015

296 1934 459 1990 τόκον
485 1939 707 2006 γηγενῆ.

296 2020 513 2090 φάνηθι
537 2025 739 2091 ταῦρος
762 2013 798 2087 ἢ
822 2016 1171 2089 πολύκρανος
1199 2020 1339 2070 ἰδεῖν

295 2104 519 2177 δράκων
547 2100 583 2174 ἢ
606 2104 970 2175 πυριφλέγων

298 2187 536 2262 ὁρᾶσθαι
561 2191 720 2244 λέων.

299 2272 395 2344 ἴθ’,
425 2267 468 2329 ὦ
491 2275 699 2344 Βάκχε,
725 2275 1089 2346 θηραγρευτᾷ
1107 2277 1329 2341 Βακχαν
1653 2281 1762 2334 1020

297 2365 531 2430 γελῶντι
556 2357 835 2431 προσώπω
859 2362 1124 2428 περίβαλε

299 2444 502 2515 βρόχον
526 2445 616 2499 ἐπὶ
638 2443 956 2513 θανάσιμον

300 2526 503 2599 ἀγέλαν
529 2528 753 2584 πεσόντι
777 2526 878 2582 τὰν
903 2525 1236 2582 Μαινάδων.

113 2616 267 2668 ΑΓΓ.
296 2605 340 2667 <5
367 2610 496 2684 δῶμ’
526 2610 556 2668 ὂ
580 2620 715 2685 πρίν
740 2608 853 2668 ποτ’
877 2609 1129 2681 ηὐτύχεις
1155 2606 1234 2664 ἀν’
1257 2606 1502 2677 Ἑλλαδα,

299 2702 583 2753 Σιδωνίου
606 2699 891 2769 γέροντος,
917 2693 977 2761 ὃς
999 2693 1062 2750 τὸ
1089 2693 1317 2766 γηγενὲς
1656 2703 1762 2745 1025

301 2781 599 2853 δράκοντος
624 2778 823 2852 ἔσπειρ’
852 2778 1017 2851 ὄφεος
1043 2783 1102 2834 ἐν
1134 2786 1263 2852 γαίᾳ
1286 2783 1468 2850 θέρος,

300 2863 372 2932 ὥς
398 2883 459 2922 σε
486 2867 748 2935 στενάζω,
775 2870 974 2929 δοῦλος
1006 2860 1080 2919 ὢν
1103 2866 1231 2934 μέν,
1258 2858 1369 2917 ἀλλ’
1399 2857 1559 2931 ὅμως.
