2022 3126
102 2848 213 2898 XO.

830 92 870 137 Β
879 90 1099 137 ΑΚΧΑΙ

306 231 367 287 τὸ
392 230 642 302 πρόσθεν
666 229 1005 299 ἐσφάλλοντο
1031 229 1166 299 πρὸς
1192 245 1355 302 γαῖαν
1380 235 1562 304 δέμας,

305 315 532 386 μυριάσι
554 318 756 383 χειρῶν
780 311 1040 384 ἀγόμενοι
1065 320 1357 371 νεανίδων.

305 405 520 454 θᾶσσον
546 397 608 452 δὲ
632 402 998 468 διεφοροῦντο
1023 397 1223 470 σαρκὸς
1248 399 1450 455 ἐνδυτὰ

301 479 337 554 ἦ
382 485 439 540 σὲ
469 484 704 550 ξυνάψαι
746 483 996 554 βλέφαρα
1022 489 1321 554 βασιλείοις
1346 484 1550 555 κόραις.

300 571 543 638 χωροῦσι
566 563 619 620 δ’
649 562 768 620 ὥστ’
796 563 1021 637 ὄρνιθες
1045 564 1302 637 ἀρθεῖσαι
1327 568 1513 642 δρόμῳ

301 656 509 706 πεδίων
535 646 826 715 ὑποτάσεις
842 695 855 720 ,
882 658 944 707 αἳ
970 648 1090 721 παρ’
1114 649 1365 708 Ἀσωποῦ
1392 656 1543 723 ῥοαῖς

301 733 583 807 εὔκαρπον
610 733 938 805 ἐκβάλλουσι
967 743 1228 807 Θηβαίων
1258 738 1480 807 στάχυν,

290 817 467 883 Ὑσιάς
490 815 530 874 τ’
553 815 824 888 Ἐρυθράς
846 817 920 890 θ’,
947 826 1006 875 αἳ
1029 827 1383 891 Κιθαιρῶνος
1410 824 1575 887 λέπας

298 907 505 975 νέρθεν
528 903 924 976 κατῳκήκασιν,
953 901 1091 960 ὥστε
1115 908 1363 976 πολέμιοι

296 992 718 1044 ἐπεισπεσοῦσαι
741 985 893 1043 πάντ’
921 986 1036 1044 ἅνω
1059 1013 1116 1045 τε
1145 991 1237 1045 καὶ
1260 990 1405 1045 κάτω

300 1075 589 1144 διέφερον·
631 1068 874 1142 ἥρπαζον
899 1073 999 1143 μὲν
1025 1077 1083 1129 ἐκ
1109 1075 1297 1145 δόμων
1319 1077 1500 1144 τέκνα,

295 1153 471 1212 ὁπόσα
496 1153 547 1211 δ’
578 1153 654 1211 ἐπ’
684 1154 850 1227 ὤμοις
875 1164 1104 1228 ἔθεσαν,
1131 1157 1198 1214 οῦ
1224 1164 1442 1229 δεσμῶν
1467 1157 1576 1215 ῧπο

295 1238 592 1343 προσείχετ’
622 1238 746 1296 οὐδ’
778 1248 1004 1298 ἔπιπτεν
1028 1249 1102 1308 εἰς
1126 1246 1296 1314 μέλαν
1329 1246 1516 1315 πέδον,

298 1323 366 1380 οὐ
390 1325 604 1396 χαλκός,
632 1322 698 1380 ού
723 1331 970 1397 σίδηρος
1007 1330 1095 1382 ἐπι
1118 1328 1179 1383 δε
1203 1329 1526 1399 βοστρύχοις

296 1415 408 1480 πῦρ
435 1416 662 1514 ἔφερον,
690 1408 813 1465 οὐδ’
843 1417 1042 1466 ἔκαιεν.
1078 1408 1129 1466 οἱ
1158 1410 1209 1467 δ’
1238 1410 1406 1482 ὀργῆς
1431 1409 1541 1467 ὕπο

295 1500 370 1558 εἰς
395 1491 509 1549 όπλ’
539 1494 783 1563 ἐχώρουν
809 1495 1106 1566 φερόμενοι
1129 1502 1361 1566 Βακχῶν
1384 1494 1522 1552 ῦπο·

294 1570 467 1648 οὗπερ
493 1577 552 1633 τὸ
580 1577 768 1633 δεινὸν
793 1572 863 1649 ἦν
885 1578 1042 1651 θέαμ’
1073 1585 1230 1650 ἰδεῖν,
1258 1578 1408 1647 ἅναξ.

296 1675 408 1727 τοῖς
430 1663 531 1732 μὲν
557 1661 659 1733 γὰρ
686 1661 788 1733 οὐχ
811 1661 1020 1735 ᾕμασσε
1045 1664 1323 1735 λογχωτὸν
1347 1667 1521 1735 βέλος,

292 1760 470 1802 κεῖναι
496 1747 557 1802 δὲ
581 1746 833 1818 θύρσους
859 1751 1151 1813 ἐξανιεῖσαι
1180 1755 1359 1819 χερῶν

292 1831 684 1902 ἐτραυμάτιζον
709 1829 1081 1900 κάπενώτιζον
1112 1840 1265 1906 φυγῇ

291 1928 551 1986 γυναῖκες
580 1913 802 1986 ἄνδρας,
829 1915 931 1972 οὐκ
958 1915 1094 1973 ἄνευ
1119 1924 1273 1973 θεῶν
1301 1941 1462 1981 τινος.

294 1999 461 2055 πάλιν
486 2005 519 2055 δ
527 1997 540 2017 '
570 1999 815 2070 ἐχώρουν
839 1998 978 2056 ὅθεν
1002 2005 1265 2074 ἐκίνησαν
1297 2002 1458 2072 πόδα,

293 2085 499 2156 κρήνας
523 2081 599 2140 ἐπ’
628 2082 796 2149 αὐτας
823 2083 885 2150 ἃς
912 2084 1062 2157 ἀνῆκ’
1094 2085 1284 2152 αὐταῖς
1308 2087 1455 2151 θεός.

290 2174 523 2233 νίψαντο
555 2167 604 2223 δ’
627 2165 784 2240 αἷμα,
813 2171 1050 2242 σταγόνα
1079 2169 1131 2226 δ’
1161 2175 1219 2226 ἐκ
1245 2176 1533 2243 παρηίδων

292 2253 508 2326 γλώσσῃ
533 2253 830 2323 δράκοντες
854 2258 1256 2328 ἐξεφαίδρυνον
1279 2256 1454 2356 χροός.

291 2335 389 2392 τὸν
413 2335 622 2408 δαίμον’
653 2340 757 2393 οὐν
782 2337 936 2395 τόνδ’
967 2337 1113 2405 όστις
1139 2338 1260 2410 ἔστ’,
1289 2342 1330 2396 ώ
1358 2343 1612 2409 δέσποτα,

292 2423 455 2491 δέχου
481 2422 635 2477 πόλει
661 2422 804 2495 τῇδ’,
834 2448 905 2489 ως
930 2423 1055 2479 τά,
1017 2450 1045 2479 τ
1085 2422 1195 2480 άλλ’
1226 2427 1373 2480 ἐστὶν
1397 2427 1582 2496 μέγας,

289 2503 512 2562 κάκεῖνό
541 2525 712 2577 φασιν
738 2468 925 2579 αῦτόν,
953 2507 1023 2574 ὡς
1050 2509 1153 2580 ἐγώ
1179 2510 1348 2580 κλύω,

288 2588 388 2660 τὴν
414 2597 765 2647 παυσίλυπον
790 2591 1035 2664 ἄμπελον
1060 2599 1255 2648 δοῦναι
1281 2601 1512 2665 βροτοῖς.

290 2682 445 2729 οἴνου
469 2675 531 2730 δὲ
553 2674 731 2746 μηκέτ’
761 2675 918 2742 ὄντος
946 2676 1048 2732 οὐκ
1075 2684 1222 2733 ἔστιν
1246 2679 1466 2750 Κύπρις

293 2755 419 2813 οὐδ’
454 2757 585 2814 ἄλλο
611 2761 851 2830 τερπνὸν
875 2760 1044 2817 οὐδὲν
1071 2760 1393 2833 ἀνθρώποις
1419 2770 1512 2819 ἔτι.

284 2848 469 2911 ταρβῶ
494 2843 594 2912 μὲν
618 2849 795 2900 εἰπεῖν
819 2846 948 2910 τοὺς
973 2846 1172 2917 λόγους
1198 2851 1530 2917 ἐλευθέρους

1395 2929 1467 2975 8*

1664 94 1762 145 115

1681 332 1760 374 745

1682 752 1764 795 750

1679 1173 1760 1218 755

1675 1595 1757 1638 760

1673 2014 1754 2057 765

1672 2437 1751 2480 770

1670 2858 1750 2903 775
