2022 3126
137 2172 247 2219 XO.

137 2339 225 2387 10.

757 92 1209 140 HPAKAEIAAI

333 229 565 300 τροπαῖά
586 227 636 284 τ’
666 232 885 299 ἐχθρῶν
907 234 999 286 καὶ
1022 234 1178 290 πόλει
1202 237 1456 307 σωτήρια.

329 320 588 386 χρησμῶν
615 310 668 368 δ’
702 311 927 388 ἀοιδοὺς
950 316 1155 383 πάντας
1181 325 1255 384 είς
1284 317 1344 376 ἓν
1369 317 1557 384 ἁλίσας

331 395 528 469 ἤλεγξα
552 399 643 452 καὶ
666 399 872 468 βέβηλοι
896 402 988 454 καὶ
1011 406 1360 474 κεκρυμμένα

331 482 489 553 λόγια
512 481 741 551 παλαιά,
766 487 896 554 τῇδε
923 491 992 556 γῇ
1017 487 1271 557 σωτήρια.

329 569 422 621 καὶ
445 572 554 621 τῶν
579 567 680 636 μὲν
703 561 887 621 ἄλλων
912 568 1136 641 διάφορ’
1165 574 1277 627 ἐστὶ
1301 573 1602 643 θεσφάτων

329 648 487 705 πόλλ’
509 669 519 678 ·
560 646 620 705 ἓν
646 649 707 704 δὲ
731 658 862 706 πᾶσι
890 659 1082 721 γνῶμα
1108 654 1313 709 ταύτὸν
1337 661 1602 728 ἐμπρέπει
1619 683 1631 694 ·

329 735 528 804 σφάξαι
552 734 880 790 κελεύουσίν
902 759 969 806 με
992 741 1277 807 παρθένον
1300 741 1436 813 κόρῃ

327 818 645 889 Δήμητρος,
671 815 787 888 ἥτις
811 822 924 875 ἐστὶ
947 822 1149 891 πατρὸς
1173 821 1437 895 εὐγενοῦς

329 902 433 972 ἐγώ
462 900 514 958 δ’
544 909 646 972 ἔχω
671 905 800 972 μέν,
838 901 910 969 ῶς
935 901 1091 979 ὁρᾷς,
1117 914 1439 979 προθυμίαν

329 984 550 1057 τοσήνδ’
578 989 631 1049 ἐς
655 983 821 1057 ὑμᾶς·
860 994 1029 1044 παῖδα
1054 995 1088 1045 δ
1096 988 1109 1008 ’
1137 988 1256 1047 οὔτ’
1290 992 1425 1063 ἐμὴν
1448 1000 1622 1048 κτενῶ

326 1067 446 1125 οὔτ’
476 1068 643 1125 ἄλλον
666 1069 848 1127 ἀστῶν
870 1079 981 1128 τῶν
1010 1077 1156 1145 ε’μῶν
1179 1074 1472 1148 ἀναγκάσω

327 1151 527 1210 ἄκονθ’
550 1175 559 1183 ·
589 1154 731 1210 ἑκὼν
756 1156 817 1211 δὲ
841 1163 922 1221 τίς
945 1165 1126 1224 κακῶς
1152 1159 1295 1216 οὕτω
1326 1175 1538 1233 φρονεῖ,

326 1235 471 1304 ὅστις
496 1239 561 1294 τὰ
586 1237 804 1311 φίλτατ’
834 1244 893 1296 ἐκ
916 1249 1096 1313 χερῶν
1120 1245 1285 1301 δώσει
1309 1248 1501 1313 τέκνα;

327 1325 419 1378 καὶ
444 1330 553 1378 νῦν
578 1322 793 1388 πυκνὰς
817 1321 887 1380 ἄν
910 1329 1199 1394 συστάσεις
1223 1326 1292 1384 ἂν
1318 1336 1560 1401 εἰσίδοις,

325 1414 436 1462 τῶν
459 1409 560 1478 μὲν
584 1407 860 1479 λεγόντων
886 1408 958 1476 ῶς
982 1417 1199 1469 δίκαιον
1222 1407 1292 1485 ἦν
1315 1418 1490 1481 ξένοις

327 1494 526 1556 ἱκέταις
550 1490 805 1563 ἀρήγειν,
832 1501 942 1549 τῶν
967 1497 1028 1552 δὲ
1050 1505 1265 1568 μωρίαν
1293 1503 1426 1570 ἐμοῦ

236 1648 247 1656 ⁹
322 1577 803 1647 κατηγορούντων
832 1584 882 1633 ει
908 1581 969 1635 δε
994 1580 1062 1652 δὴ
1088 1582 1272 1654 δράσω
1296 1585 1439 1654 τόδε,

325 1665 523 1725 οἰκεῖος
546 1658 666 1761 ήδη
677 1662 912 1762 πόλεμος
935 1667 1263 1736 ἐξαρτυεται.

323 1743 477 1800 ταῦτ’
508 1747 611 1800 οὐν
636 1743 738 1815 όρα
762 1746 832 1801 σὺ
855 1750 947 1803 και
971 1750 1351 1823 συνεξεύρισχ’
1380 1749 1526 1819 όπως

323 1827 489 1884 αὐτοί
509 1853 566 1885 τε
593 1830 923 1902 σωθήσεσθε
946 1836 1038 1888 και
1063 1838 1232 1890 πέδον
1255 1837 1397 1908 τόδε,

321 1911 472 1984 κάγῶ
498 1920 743 1979 πολίταις
767 1914 840 1986 μὴ
866 1921 1325 1992 διαβληθήσομαι.

322 2020 387 2051 ου
411 2021 518 2098 γαρ
543 1998 834 2069 τυραννίδ’
865 1997 1002 2057 ῶστε
1026 2005 1367 2076 βαρβάρων
1348 2014 1475 2077 ε’χω·

321 2079 441 2136 ἀλλ’
469 2078 539 2151 ἢν
564 2088 752 2138 δίκαια
777 2089 919 2155 δρῶ,
946 2091 1133 2144 δίκαια
1156 2097 1428 2162 πεί.σομαι

318 2163 439 2220 ἀλλ’
470 2168 503 2236 ἡ
530 2167 827 2268 πρόθυμον
851 2162 1026 2226 οὖσαν
1050 2195 1153 2228 ουκ
1180 2178 1242 2248 ἐᾷ
1263 2175 1396 2240 θεὸς

321 2249 546 2318 ξένοις’
517 2252 746 2322 αρήγειν
767 2254 933 2323 τήνδε
955 2233 1261 2329 χρῄζουσάν
1289 2260 1478 2315 πόλιν·
1467 2286 1479 2325 ;

319 2336 360 2387 ῶ
385 2332 532 2389 τέκν’
539 2341 801 2407 ,ἔοιγμεν
824 2347 1194 2412 ναυτίλοισιν,
1221 2348 1416 2409 οῖτινες

318 2424 583 2489 χειμῶνος
608 2422 945 2493 ἐκφυγόντες
970 2423 1167 2495 άγριον
1189 2429 1352 2497 μένος

323 2507 398 2566 εἰς
426 2516 581 2574 χεῖρα
605 2511 674 2576 γῇ
700 2513 983 2578 συνῆψαν,
1014 2509 1128 2564 εἶτα
1150 2513 1422 2583 χερσόθεν

319 2600 578 2643 πνοαῖσιν
601 2586 894 2661 ἠλάθησαν
918 2598 994 2657 εἰς
1019 2594 1222 2650 πόντον
1245 2597 1426 2653 πάλιν.

320 2667 465 2726 οὕτω
492 2671 554 2727 δε
576 2670 763 2744 χήμεῖς
786 2675 943 2776 τήσδ’
972 2675 1391 2751 ἀπωθούμεσθα
1414 2689 1513 2754 γῆς

320 2751 390 2825 ηδ
393 2778 425 2826 η
450 2754 587 2828 πρὸς
611 2755 797 2825 ἀκταῖς
820 2757 976 2826 όντες
1001 2786 1073 2827 ως
1097 2770 1447 2837 σεσωσμένοι.

318 2846 490 2908 οἴμοι·
520 2846 577 2895 τί
599 2841 719 2912 δῆτ’
749 2849 977 2915 ἕτερψας
1000 2848 1041 2902 ῶ
1066 2848 1294 2905 τάλαινά
1315 2875 1382 2921 με

1693 96 1790 147 301

1709 503 1791 543 405

1712 926 1790 968 410

1706 1346 1787 1388 415

1707 1769 1788 1810 420
