2022 3126
122 655 198 704 [0

130 1414 240 1462 XO.

739 84 1186 130 HPAKAEIAAI
1673 83 1773 131 299

306 226 472 297 ταχὺς
495 223 803 296 γὰρ”Αργει
831 229 935 287 πᾶς
960 221 1100 295 ἀνὴρ
1125 224 1435 294 βοηδρόμος
1452 243 1463 252 ·

309 333 527 381 μάντεις
545 307 597 365 δ’
627 307 894 408 ἀθροίσας
918 304 1178 378 θύσομαι·
1206 306 1276 363 σὺ
1301 305 1347 363 δ’
1376 313 1452 372 είς
1473 308 1677 379 δόμους
1689 321 1774 365 340

309 415 416 452 συν
439 396 593 449 παισὶ
615 394 807 463 χώρει,
834 390 1011 462 Ζηνὸς
1038 392 1273 463 ἐσχάραν
1296 392 1489 447 λιπών.

311 482 449 535 εισὶν
473 477 576 549 γὰρ
602 482 658 534 οἵ
676 495 804 546 σου,
831 472 937 530 κᾶν
963 474 1069 546 ἐγώ
1093 485 1329 548 θυραῖος
1356 479 1415 547 ω,

306 568 505 635 μεριμι
508 586 576 617 αν
602 559 802 628 ε’ξουσ’.
830 557 949 615 ἀλλ’
981 558 1064 615 ἴθ’
1096 565 1171 625 είς
1195 560 1426 631 δόμους,
1453 562 1633 631 γέρον.

306 647 408 703 οὐκ
434 644 502 701 ἄν
527 652 739 717 λίποιμι
764 645 979 717 βωμόν,
1010 642 1316 744 &13364166312
1345 647 1407 702 δε

311 734 482 787 ἱκέται
507 733 765 801 μένοντες
791 727 988 785 ἐνθάδ’
1020 730 1083 783 εὑ
1109 732 1308 799 πρᾶξαι
1334 729 1521 785 πόλιν·
1694 743 1775 786 345

309 814 441 872 όταν
466 813 516 870 δ’
544 814 756 885 ἀγῶνος
779 810 932 870 τοῦδ’
961 810 1289 885 ἀπαλλαχθῇ
1317 821 1512 884 καλῶς,

311 910 433 971 ἴμεν
462 898 597 970 πρὸς
624 908 829 963 οἴκους.
865 907 1048 952 θεοῖσι
1073 894 1124 951 δ’
1153 895 1220 952 οὐ
1246 904 1463 953 κακίοσι

309 984 606 1056 χρεόμεσθα
629 983 995 1054 συμμάχοισιν
1017 980 1308 1052 Ἀργείων,
1336 980 1468 1048 ἄναξ
1486 1001 1496 1011 ·

310 1075 422 1125 τῶν
444 1069 545 1139 μὲν
567 1067 672 1139 γὰρ
687 1065 830 1138 ’Ἡρα
856 1079 1150 1137 προστατεῖ
1168 1065 1305 1131 Διὸς
1331 1064 1528 1137 δάμαρ,

311 1152 467 1225 ἡμῶν
491 1157 523 1207 ὃ
531 1150 544 1170 ⁷
573 1150 798 1208 Ἀθάνα.
827 1153 968 1222 φημὶ
993 1150 1046 1205 δ’
1078 1156 1153 1215 είς
1179 1149 1480 1221 εὐπραξίαν
1696 1166 1780 1208 350

310 1240 403 1293 καὶ
428 1235 591 1292 τοῦθ’
621 1234 920 1307 ὑπάρχειν,
945 1241 1099 1290 θεῶν
1124 1233 1434 1306 ἀμεινόνων
1459 1249 1645 1306 τυχεῖν
1661 1255 1671 1265 ·

312 1324 588 1393 νικωμένη
615 1320 720 1392 γὰρ
745 1319 968 1384 Παλλὰς
996 1317 1098 1375 οὐκ
1123 1317 1383 1386 ἀνέξεται.

312 1413 363 1462 εί
387 1406 456 1462 σὺ
482 1404 603 1477 μέγ’
632 1404 844 1476 αὐχεῖς,
871 1408 1048 1475 ἕτεροι
1558 1423 1673 1474 στρ.

312 1497 412 1547 σοῦ
444 1493 613 1546 πλέον
638 1488 705 1545 οὐ
732 1493 1006 1561 μέλονται,

312 1573 444 1642 ξεῖν’
476 1572 746 1645 Ἀργόθεν
772 1574 1051 1630 ἐπελθών·
1699 1587 1782 1629 355

314 1666 765 1732 μεγαληγορίαισι
791 1658 842 1714 δ’
869 1660 997 1728 ἐμὰς

317 1747 523 1816 φρένας
546 1741 613 1798 οὐ
639 1744 916 1815 φοβήσεις.

316 1830 476 1901 μήπω
502 1841 618 1892 ταῖς
642 1828 964 1899 μεγάλαισιν
990 1824 1134 1882 οὕτω

313 1915 405 1969 καὶ
429 1913 773 1983 καλλιχόροις
799 1910 1058 1976 Ἀθάναις

317 2007 416 2069 εἴη.
444 1997 514 2053 σὺ
543 1995 597 2052 δ’
626 1995 824 2068 ἄφρων
848 1994 879 2052 ὅ
906 1993 952 2051 τ’
972 1994 1165 2068 ’Ἀργει
1699 2008 1784 2051 366

316 2084 608 2138 Σθενέλου
633 2083 931 2152 τύραννος·

317 2166 376 2233 ὂς
401 2167 562 2222 πόλιν
586 2165 772 2222 ἐλθών
796 2168 988 2236 ἑτέραν
1582 2162 1696 2221 ἆντ.

319 2250 488 2322 οὐδὲν
513 2248 765 2306 ἐλάσσον’
790 2248 1046 2321 ’Ἀργους,

318 2342 471 2391 θεῶν
499 2340 719 2406 ίκτῆρας
745 2334 942 2400 άλάτας

319 2422 411 2475 καὶ
435 2423 565 2491 ἐμᾶς
587 2419 791 2490 χθονὸς
814 2417 1151 2489 άντομένους
1699 2430 1784 2474 365

321 2507 472 2570 ξένος
499 2500 577 2559 ὦν
602 2511 795 2575 βιαίως

320 2593 520 2657 ἕλκεις,
547 2587 613 2644 οὐ
639 2596 962 2659 βασιλεῦσιν
988 2591 1146 2657 εῑξας,

325 2672 428 2729 οὐκ
454 2670 585 2728 ἄλλο
612 2678 830 2728 δίκαιον
856 2674 1041 2729 εἰπών.

322 2763 431 2813 ποῦ
455 2764 626 2812 ταῦτα
649 2764 827 2822 καλῶς
851 2755 919 2813 ἄν
946 2766 1027 2828 εἴη

649 2856 733 2898 353
749 2877 810 2883 —
825 2856 906 2898 361
931 2868 999 2888 Ξ
1020 2852 1105 2898 362
1119 2875 1179 2881 --·
1195 2851 1280 2898 370
