2022 3126
203 120 302 174 138

270 284 403 328 νους
435 259 524 318 ὑπ’
553 259 725 333 αὐτῆς
750 265 810 317 ἐν
826 259 966 336 Ἰλίῳ
992 263 1159 331 δείξῃ.
1209 259 1416 329 εἰσάγει
1442 259 1504 314 δὲ
1527 261 1727 330 καὶτῆς
1741 278 1870 332 σκη-

270 353 370 418 νῆς
394 351 559 403 ἔνδον
584 352 815 403 εἰποῦσα
850 343 922 410 ὡς
957 347 1050 400 καὶ
1085 340 1218 415 ἕτερ’
1261 341 1394 399 ἅττα
1429 343 1596 399 δώσει
1631 345 1877 417 χρήματα

270 428 392 504 μεθ’
421 424 500 487 ὧν
533 434 729 503 ἐξῆλθε
762 437 857 502 τῆς
895 435 1110 501 Τροίας.
1181 425 1247 484 ὃν
1281 430 1374 484 καὶ
1412 430 1736 484 εἰσελθόντα
1771 429 1881 484 σὺν

270 529 387 582 ταῖς
398 520 671 589 γυναιξίν,
688 508 768 571 ὦν
780 521 993 587 πλῆθος
1008 519 1174 570 ἔνδον
1188 513 1505 587 ἐκρύπτετο,
1530 519 1643 569 τῶν
1656 511 1879 586 ὀφθαλ-

232 608 393 673 5μῶν
417 624 475 657 τε
501 613 688 673 στερεῖ
706 603 800 656 καὶ
825 599 891 656 τὰ
916 602 1080 655 τέκνα
1105 595 1279 654 αὐτοῦ
1308 596 1668 670 ἀποσφάττει.
1719 599 1879 654 δικά-

274 705 471 752 σαντος
495 687 556 742 δὲ
581 684 788 751 αὐτοὺς
820 691 919 741 τοῦ
938 682 1346 755 Ἀγαμέμνονος
1379 680 1618 755 ὕστερον
1650 686 1744 739 καὶ
1777 690 1878 738 τοῦ

272 771 704 843 Πολυμήστορος
746 769 922 826 πολλὰ
968 771 1095 841 περὶ
1139 774 1235 839 τῆς
1280 774 1498 840 σφαγῆς
1530 768 1880 840 Πολυδώρου

275 859 754 928 διαπλασαμένου,
783 853 981 926 Ἑκάβη
1023 855 1372 926 περιεγένετο
1410 855 1670 924 ἑλέγξασα
1707 851 1881 909 αὐτὸν

275 939 348 1006 ὥς
371 947 471 997 τοῦ
494 947 708 1013 χρυσοῦ
732 941 894 1013 χάριν
920 941 1013 995 καὶ
1039 937 1139 1009 οὐχ
1166 931 1245 994 ὦν
1269 938 1566 1008 προύτεινε
1589 937 1687 994 τὸν
1711 943 1881 994 παῖδα

208 1045 260 1087 10
274 1025 488 1097 ἀνεῖλε,
515 1026 822 1098 σύμψηφον
848 1032 1049 1096 ἔχουσα
1074 1026 1168 1079 καὶ
1186 1021 1581 1095 Ἀγαμέμνονα.

459 1109 492 1184 ἡ
524 1112 626 1182 μὲν
651 1109 827 1182 σκηνὴ
853 1117 951 1166 τοῦ
979 1109 1254 1181 δράματος
1279 1106 1570 1164 ὑπόκειται
1604 1111 1664 1163 ἐν
1689 1115 1754 1181 τῇ
1779 1106 1882 1163 ἀν-

275 1201 505 1268 τιπέραν
526 1203 621 1268 τῆς
648 1195 869 1269 Θράκης
893 1195 1229 1269 Χερρονήσῳ
1247 1213 1257 1222 ·
1293 1191 1320 1249 ὁ
1347 1195 1408 1250 δὲ
1425 1192 1591 1265 χορὸς
1610 1195 1882 1264 συνέστη-

275 1305 373 1338 κεν
405 1286 464 1338 ἐκ
498 1287 784 1353 γυναικῶν
821 1285 1241 1351 αἰχμαλωτίδων
1275 1280 1556 1354 Τρῳάδων
1593 1297 1881 1350 συμμαχη-

277 1373 499 1423 σουσῶν
530 1372 594 1440 τῇ
612 1363 829 1437 Ἑκάβῃ.

206 1644 258 1687 15
896 1621 1266 1671 ΑΛΛΩΣ.

447 1786 608 1842 Μετὰ
634 1784 735 1856 τὴν
755 1782 918 1841 Ἰλίου
945 1791 1274 1858 πολιορκίαν
1299 1788 1357 1838 οἱ
1384 1783 1486 1855 μὲν
1509 1782 1770 1855 Ἕλληνες
1806 1789 1882 1848 εἰς

278 1896 379 1944 την
427 1869 729 1942 ἀντιπέραν
772 1875 1032 1944 Τρῳάδος
1070 1868 1431 1942 Χερρόνησον
1471 1875 1882 1940 καθωρμίσθη-

278 1975 407 2015 σαν·
472 1954 751 2028 Ἀχιλλεὺς
791 1955 851 2011 δὲ
883 1954 1086 2021 νυκτὸς
1133 1953 1361 2027 ὁραθεὶς
1404 1961 1686 2026 σφαγῆναι
1723 1951 1881 2024 ἠξίου

279 2049 413 2115 μίαν
436 2048 548 2098 τῶν
571 2041 831 2113 Πριάμου
859 2043 1208 2113 θυγατέρων.
1276 2043 1333 2094 οἱ
1360 2040 1462 2110 μὲν
1495 2033 1600 2095 οὖν
1620 2036 1882 2110 θἘλληνες

209 2145 263 2187 20
283 2133 549 2199 τιμῶντες
573 2125 671 2182 τὸν
695 2123 851 2197 ἥρωα
867 2129 1195 2198 Πολυξένην
1219 2123 1635 2188 ἀποσπάσαντες
1652 2122 1882 2195 Ἑκάβης

279 2218 639 2284 ἐσφαγίασαν.
705 2211 1088 2282 Πολυμήστωρ
1138 2212 1198 2266 δὲ
1233 2208 1261 2266 ὁ
1298 2216 1411 2265 τῶν
1447 2216 1686 2283 Θρακῶν
1719 2216 1882 2280 βασι-

282 2297 407 2362 λεὺς
432 2300 530 2352 ἕνα
554 2303 666 2352 τῶν
679 2301 1011 2369 Πριαμιδῶν
1022 2297 1370 2366 Πολύδωρον
1395 2297 1753 2367 κατέσφαξεν.
1803 2299 1881 2349 εί·-

279 2381 445 2454 λήφει
481 2383 543 2438 δὲ
577 2388 778 2437 τοῦτον
811 2380 960 2452 παρὰ
998 2387 1096 2436 τοῦ
1130 2381 1389 2451 Πριάμου
1433 2376 1461 2435 ὁ
1496 2377 1880 2450 Πολυμήστωρ

282 2475 359 2533 είς
384 2467 859 2538 παρακαταθήκην
893 2464 1028 2537 μετὰ
1062 2467 1371 2537 χρημάτων.
1422 2463 1659 2536 ἁλούσης
1694 2464 1755 2519 δὲ
1786 2470 1881 2534 τῆς

213 2566 265 2607 25
281 2553 521 2623 πόλεως,
565 2564 857 2623 κατασχεῖν
895 2549 1070 2606 αὐτοῦ
1116 2547 1458 2622 βουλόμενος
1500 2549 1597 2605 τὸν
1637 2555 1881 2604 πλοῦτον

283 2637 547 2709 φονεύειν
574 2634 831 2708 ὥρμησεν
855 2638 1151 2708 καὶφιλίας
1169 2641 1478 2705 δυστυχοῦς
1505 2633 1877 2706 ὠλιγώρησεν.

283 2724 604 2793 ἐκριφέντος
631 2723 691 2777 δὲ
714 2728 813 2777 τοῦ
832 2722 1080 2792 σώματος
1107 2726 1182 2784 είς
1205 2719 1306 2792 τὴν
1322 2720 1630 2790 θάλασσαν,
1655 2717 1715 2774 τὸ
1741 2726 1881 2773 κλυ-

285 2807 489 2863 δώνιον
516 2806 653 2879 πρὸς
677 2806 771 2871 τὰς
791 2813 903 2862 τῶν
927 2810 1345 2877 αἰχμαλωτίδων
1363 2804 1568 2876 σκηνὰς
1579 2803 1752 2860 αὐτὸν
1765 2804 1877 2869 ἐξέ-

284 2900 469 2956 βαλεν.
512 2889 708 2963 Ἑκάβη
735 2892 796 2947 δὲ
822 2890 919 2947 τὸν
942 2889 1145 2962 νεκρὸν
1156 2892 1475 2962 θεασαμένη
1495 2891 1705 2960 ἐπέγνω
1722 2907 1733 2916 ·
1758 2909 1878 2942 κοι-
