2022 3126
726 83 1054 130 HAEKTPA

274 222 318 285 ὦ
344 241 473 300 γαΐα
496 229 588 282 καὶ
612 224 712 291 νὺξ
738 220 809 294 ἣν
834 222 1138 293 ἐδερκόμην
1162 221 1353 292 πάρος,

273 320 381 370 νῦν
406 310 551 384 ὄμμα
576 307 784 380 τούμὸν
809 304 1091 378 ἀμπτυχαί
1114 303 1152 361 τ’
1182 304 1489 373 ἐλεύθεροι,

276 399 395 455 ἐπεὶ
421 393 624 467 πατρὸς
647 395 936 449 πέπτωκεν
958 399 1230 462 Αἴγισθος
1255 388 1479 460 φονεύς.

277 479 426 554 φέρ’,
454 477 541 536 οἷα
565 478 633 551 δὴ
661 484 762 548 ἔχω
788 478 880 532 καὶ
907 474 1068 546 δόμοι
1093 474 1372 530 κεύθουσί
1399 495 1505 543 μου

276 568 445 638 κόμης
474 558 739 636 ἀγάλματ’
768 563 1159 631 ἐξενέγκωμαι,
1186 565 1361 630 φίλαι,

276 654 455 717 στέψω
479 648 527 705 τ’
559 647 807 717 ἀδελφοῦ
832 651 1005 716 κρᾶτα
1027 650 1126 700 τοῦ
1151 642 1480 714 νικηφόρου.

97 746 204 795 ΧΟ.
276 734 347 792 σὺ
372 737 474 807 μέν
495 758 603 790 νυν
627 727 892 803 ἀγάλματ’
923 726 1075 800 ἄειρε
1519 720 1630 781 ἀντ.

277 826 463 892 κρατί·
489 817 548 874 τὸ
577 823 610 874 δ
617 815 630 835 '
663 815 929 886 ἁμέτερον

277 905 582 977 χωρήσεται
605 900 893 958 Μούσαισι
916 898 1160 969 χόρευμα
1185 903 1366 967 φίλον.

279 996 388 1046 νῦν
413 993 470 1044 οὗ
493 986 665 1059 πάρος
690 983 944 1055 ἁμέτεροι

278 1080 437 1145 γαίας
460 1069 902 1143 τυραννεύσουσι
929 1074 1081 1139 φίλοι
1105 1072 1350 1138 βασιλῆς,

281 1164 508 1223 δικαίως
531 1154 721 1212 τούσδ’
750 1151 979 1217 αδίκους
1002 1151 1351 1215 καθελόντες.

279 1241 406 1300 ἀλλ’
436 1251 532 1299 ἴτω
558 1241 829 1308 ξύναυλος
851 1236 957 1343 βοα
980 1243 1139 1310 χαρᾷ.

100 1337 212 1385 ΗΛ.
289 1331 330 1384 ὦ
355 1334 666 1395 καλλίνικε,
694 1322 899 1395 πατρὸς
924 1325 984 1377 ἐκ
1009 1320 1326 1393 νικηφόρου

291 1413 494 1485 γεγώς,
515 1409 768 1481 Ὀρέστα,
797 1415 892 1479 τῆς
918 1402 1016 1462 ὑπ’
1041 1403 1179 1479 Ἰλίςο
1205 1427 1392 1476 μαχης,

288 1500 436 1564 δέξαι
460 1496 631 1567 κόμης
656 1501 753 1565 σῆς
771 1491 1089 1563 βοστρύχων
1116 1487 1416 1560 ἀνδήματα.

287 1580 438 1654 ἥκεις
464 1578 569 1652 γὰρ
595 1576 699 1636 οὐκ
730 1576 952 1648 ἀχρεῖον
978 1578 1290 1647 ἔκπλεθρον
1316 1571 1544 1645 δραμών

288 1663 462 1738 ἀγῶν’
493 1668 545 1730 ἐς
569 1673 782 1733 οἴκους,
808 1659 945 1717 ἄλλα
968 1662 1232 1731 πολέμιον
1255 1656 1474 1713 κτανών

287 1759 593 1822 Αἴγισθον,
622 1745 680 1814 ὂς
704 1747 805 1803 σὸν
830 1747 1038 1816 πατέρα
1061 1743 1240 1816 κάμὸν
1265 1741 1451 1798 ὤλεσε.

290 1836 360 1892 σύ
384 1832 434 1890 τ’
465 1827 509 1889 οἷ
532 1828 887 1905 παρασπίστ’,
915 1828 1118 1901 ἀνδρὸς
1143 1826 1540 1899 εὐσεβεστάτου

289 1925 569 1991 παίδευμα
593 1917 858 1987 Πυλάδη,
886 1918 1162 1985 στέφανον
1187 1916 1239 1979 ἐξ
1265 1916 1395 1984 ἐμῆς
1418 1911 1575 1982 χερὸς

292 2008 482 2076 δέχου’
511 2007 668 2074 φέρει
693 2001 798 2074 γὰρ
824 2003 916 2056 καὶ
940 1999 1010 2056 σὺ
1043 1996 1175 2074 τῷδ’
1207 2007 1328 2054 ἴσον
1351 1999 1512 2068 μέρος

295 2088 534 2161 ἀγῶνος·
561 2086 647 2144 ἀεὶ
673 2092 706 2142 δ
712 2084 725 2104 '
755 2083 1001 2157 εὐτυχεῖς
1026 2085 1333 2156 φαίνοισθέ
1352 2104 1460 2152 μοι.

110 2183 213 2232 ΟΡ.
290 2172 461 2239 θεοὺς
483 2174 584 2245 μὲν
607 2170 748 2244 ἡγοῦ
773 2177 1020 2242 πρῶτον,
1041 2168 1302 2239 Ἠλέκτρα
1329 2211 1343 2238 ,
1370 2163 1535 2236 τύχης

298 2257 597 2330 ἀρχηγέτας
623 2254 803 2328 τῆσδ’,
836 2255 949 2311 εἶτα
973 2251 1104 2325 κᾶμ’
1133 2258 1426 2309 ἐπαίνεσον

296 2343 395 2401 τὸν
417 2349 530 2398 τῶν
553 2347 709 2398 θεῶν
730 2364 789 2396 τε
818 2347 913 2412 τῆς
935 2341 1101 2411 τύχης
1124 2335 1184 2393 θ’
1211 2335 1509 2408 ὑπηρέτην.

297 2426 411 2500 ἥκω
434 2436 539 2499 γαρ
565 2424 632 2483 οὗ
658 2425 904 2497 λόγοισιν
928 2422 1050 2480 ἄλλ’
1083 2430 1259 2494 ἔργοις
1283 2419 1503 2477 κτανών

298 2521 604 2584 Αἴγισθον·
632 2508 704 2575 ὥς
729 2512 796 2566 δέ
815 2534 888 2585 τῳ
912 2508 1036 2581 σάφ’
1066 2510 1272 2563 εἰδέναι
1296 2506 1427 2562 τάδε

301 2603 629 2669 προθῶμεν,
657 2592 830 2652 αὐτὸν
854 2593 952 2650 τὸν
974 2592 1223 2649 θανόντα
1246 2609 1331 2647 σοι
1359 2592 1528 2662 φέρω,

303 2678 369 2739 ὃν
395 2690 502 2737 εἴτε
525 2682 736 2754 χρῄζεις
759 2680 966 2749 θηρσὶν
990 2675 1244 2749 ἁρπαγὴν
1267 2675 1492 2748 πρόθες,

301 2762 336 2837 ἢ
365 2772 574 2822 σκῦλον
598 2772 881 2821 οἰωνοῖσιν
905 2764 1130 2834 αἰθέρος
1151 2763 1365 2826 τέκνοις

1637 75 1738 125 269

1659 481 1744 526 870

1664 905 1718 950 87
1720 908 1747 947 5

1666 1330 1751 1373 880

1677 2177 1762 2221 890

1679 2595 1764 2642 895
