2022 3126
804 108 1061 157 EAENH
1653 114 1743 164 197

280 244 527 316 πύργους
551 250 780 317 ἔπερσα,
806 252 920 311 κείς
944 247 1158 318 πάτραν
1181 251 1394 322 χρῄζων
1418 260 1606 324 μολεῖν

277 325 380 383 οὐκ
403 325 655 400 ἀξιοῦμαι
680 335 847 386 τοῦδε
870 330 1005 401 πρὸς
1033 339 1186 388 θεῶν
1209 349 1412 406 τυχεῖν.

275 411 488 483 Λιβύης
511 410 560 468 τ’
588 413 824 484 ἐρήμους
848 413 1074 481 ἀξένους
1100 415 1146 472 τ’
1174 420 1472 491 ἐπιδρομὰς

276 499 556 552 πέπλευκα
585 498 786 564 πάσας
818 496 999 570 χαίταν
1024 500 1188 572 ε’γγυς
1213 505 1254 557 ὦ
1281 504 1504 577 πάτρας,
1661 524 1745 565 405

276 581 442 635 πάλιν
470 578 528 652 μ’
556 578 779 638 ἀπωθεῖ
797 590 1041 655 πνεῦμα,
1069 583 1300 642 κοῦποτ’
1329 587 1522 661 οὔριον

278 671 503 736 εἰσῆλθε
527 673 723 737 λαῖφος
748 665 886 724 ω’στε
910 667 968 740 μ’
1000 676 1075 734 είς
1102 671 1315 742 πάτραν
1338 682 1545 744 μολεῖν.

271 751 364 804 καὶ
388 756 497 806 νῦν
521 750 686 816 τάλας
709 752 953 824 ναυαγὸς
976 751 1246 820 ἀπολέσας
1271 764 1470 827 φίλους

272 835 528 900 ἐξέπεσον
556 842 631 901 εἰς
654 842 758 908 γῆν
781 838 971 909 τήνδε·
999 845 1137 904 ναῦς
1162 840 1223 895 δὲ
1249 840 1386 913 πρὸς
1410 846 1607 917 πέτρας

272 917 511 984 πολλους
534 917 856 992 ἀριθμοὺς
835 920 1069 994 άγνυται
1092 932 1396 997 ναυαγίων.
1661 945 1742 987 41⁰

271 1003 462 1073 τρόπις
487 1001 539 1059 δ’
576 1007 812 1077 ἐλείφθη
836 1014 1102 1063 ποικίλων
1127 1007 1508 1084 αρμοσμάτων,

273 1085 363 1157 ἐφ’
391 1089 456 1159 ἦς
482 1089 703 1161 ἐσώθην
726 1091 880 1162 μόλις
906 1091 1214 1168 ἀνελπίστῳ
1240 1097 1375 1169 τύχῃ

261 1168 446 1243 Ἑλένη
471 1196 555 1244 τε,
590 1173 832 1246 Τροίας
811 1200 879 1247 ην
910 1175 1227 1244 ἀποσπάσας
1253 1186 1372 1251 ἔχω.

268 1278 444 1327 ονομα
472 1258 534 1313 δὲ
556 1259 736 1331 χώρας
760 1258 877 1331 ἥτις
901 1259 1000 1333 ἥδε
1029 1265 1122 1319 καὶ
1144 1264 1282 1330 λεως

268 1338 371 1396 οὐκ
397 1339 534 1397 οἶδ’·
563 1340 727 1414 ὄχλον
751 1370 854 1416 γαρ
882 1352 1156 1403 εἰσπεσεῖν
1183 1347 1503 1422 ᾐσχυνόμην
1655 1369 1736 1410 415

268 1421 409 1480 ὥσθ’
444 1431 752 1530 ἱστορῆσαι,
780 1437 874 1502 τῆς
898 1435 1027 1503 ἐμῆς
1052 1437 1409 1533 δυσχλαινίας

265 1509 527 1580 κρύπτων
550 1510 648 1567 ὑπ’
681 1519 872 1580 αἰδοῦς
898 1515 992 1581 τὰς
1017 1517 1196 1618 τ,υ’χας.
1231 1516 1365 1575 όταν
1389 1518 1442 1576 δ’
1475 1518 1614 1595 ἀνὴρ

265 1594 441 1667 πράξῃ
466 1619 646 1661 κακως
672 1597 901 1671 υψηλός,
929 1606 1005 1665 εἰς
1029 1599 1239 1673 ἀηθίαν

264 1685 448 1735 πίπτει
473 1688 646 1737 κακίω
671 1706 770 1739 του
794 1685 960 1741 πάλαι
986 1691 1373 1759 δυσδαίμονος.

262 1770 442 1867 χρεία
442 1766 502 1820 δε
525 1773 692 1836 τείρει
717 1767 775 1839 μ’
795 1788 805 1797 ·
840 1767 968 1825 οὔτε
991 1770 1096 1843 γὰρ
1121 1785 1266 1837 σῖτος
1294 1773 1442 1847 πάρα
1651 1793 1734 1834 420

263 1845 380 1904 οὔτ’
410 1846 553 1921 ἀμφὶ
575 1850 742 1922 χρῶτ’
771 1857 1022 1925 ἐσθῆτες·
1050 1880 1192 1912 αυτα
1218 1854 1271 1913 δ’
1303 1861 1516 1916 εἰκάσαι

262 1933 491 2005 πάρεστι
519 1935 652 2001 ναὸς
678 1936 856 2010 ε”κβολ
888 1936 968 2005 οἷς
991 1938 1346 2014 ἀμπίσχομαι.

261 2020 503 2084 πέπλους
528 2021 589 2076 δὲ
612 2020 739 2088 τοὺς
763 2025 897 2095 πρὶν
920 2027 1142 2099 λαμπρά
1166 2025 1212 2082 τ’
1241 2025 1632 2103 ἀμφιβλήματα

257 2103 446 2173 χλιδάς
469 2127 527 2160 τε
550 2105 747 2173 πόντος
770 2105 1005 2179 ἥρπασ’·
1041 2114 1101 2166 ἐν
1124 2111 1177 2167 δ’
1208 2110 1413 2185 άντρου
1437 2131 1629 2188 μυχοῖς

257 2188 473 2257 κρύψας
497 2204 736 2260 γυναῖκα
759 2192 861 2264 τὴν
889 2202 1078 2251 κακῶν
1103 2197 1329 2253 πάντων
1353 2202 1470 2271 ἐμοὶ
1649 2217 1731 2260 425

258 2268 560 2351 άρξασαν’
524 2298 641 2345 ηκω
685 2279 816 2343 τούς
843 2300 901 2333 τε
937 2285 1459 2353 περιλελειμμένους

257 2362 438 2425 φίλων
463 2360 770 2430 φυλάσσειν
793 2361 919 2434 τᾶμ’
952 2363 1267 2437 ἀναγκάσας
1291 2371 1437 2441 λέχη.

254 2440 420 2510 μόνος
447 2443 508 2499 δὲ
529 2463 735 2517 νοστω,
762 2461 874 2513 τοῖς
901 2452 1019 2506 ἐκεῖ
1038 2458 1212 2522 ζητων
1238 2460 1422 2523 φίλοις

254 2523 320 2579 τὰ
343 2527 618 2599 πρόσφορ’
647 2528 717 2601 ἦν
742 2554 857 2597 πως
881 2536 1242 2607 ἐξερευνήσας
1265 2538 1435 2610 λάβω.

257 2607 394 2664 ίδων
419 2612 481 2667 δε
504 2618 660 2684 δωμα
684 2619 980 2689 περιφερες
1005 2629 1260 2692 θριγκοῖς
1285 2624 1413 2680 τόδε
1642 2640 1724 2683 430

253 2700 430 2759 πυλας
452 2720 510 2752 τε
534 2699 734 2769 σεμνας
759 2699 962 2774 ἀνδρὸς
988 2701 1183 2776 ὀλβίου
1206 2708 1371 2779 τινός,

255 2785 601 2850 προσῆλθον·
629 2786 780 2850 ἐλπὶς
805 2791 837 2841 δ
845 2784 858 2805 ⁷
887 2793 946 2842 ἔκ
971 2811 1034 2859 γε
1058 2797 1341 2847 πλουσίων
1366 2794 1553 2864 δόμων

252 2868 444 2930 λαβεῖν
468 2888 518 2920 τι
541 2866 789 2934 ναύταις·
819 2873 878 2925 ἐκ
903 2873 965 2927 δὲ
987 2872 1059 2944 μὴ
1087 2872 1319 2946 ’χόντων
1341 2884 1486 2948 βίον,
