2022 3126
512 75 714 147 ΓΕΝοΣ
743 105 1089 145 ΕΥΡΙΠΙΔΟΥ
1113 94 1225 145 ’ΚΑΙ
1254 105 1399 146 ΒῙΟΣ
1707 91 1767 145 ix

145 239 198 296 A,
235 230 319 280 καὶ
342 229 612 294 Σωκράτου
638 230 703 292 Β,
741 222 783 296 ᾦ
805 227 888 276 καὶ
913 227 1180 293 Σωκράτης
1219 229 1353 289 Diog.
1391 228 1443 276 L.
1486 231 1531 284 2,
1573 231 1653 278 18.
1715 225 1768 276 τὰ

143 300 374 365 φρύγανα
414 315 509 347 om.
537 302 591 347 A.
658 300 720 346 15
760 297 884 360 φασὶ
915 300 1289 360 Κηφισοφῶντα
1309 264 1564 345 ”Welcken
1628 300 1769 359 Τιμο-

143 366 344 433 κράτην]
375 383 436 416 an
468 365 821 438 Δημοκράτηνῗ
861 367 966 415 vide
994 382 1116 431 quae
1153 368 1282 416 infra
1310 366 1533 414 dicentur
1569 381 1614 429 p.
1645 366 1770 415 XVII

141 446 241 487 not.
317 440 382 485 24
428 434 544 500 μάλ’
587 439 642 485 εὐ
693 435 894 501 ἔπραττε
943 436 1219 485 Elmsleius.
1283 433 1380 500 ότε]
1420 433 1543 483 ω’στε
1590 436 1770 484 malim.

143 511 206 557 26
246 505 389 571 ἔγημε
417 508 716 569 scripserim.
781 509 862 555 26.
893 508 955 555 27
994 503 1192 570 πρώτην
1217 503 1436 567 Μελιτω,
1463 501 1695 567 δευτέραν
1720 501 1775 552 δὲ

141 574 398 641 Χοιρίνην]
438 574 641 640 πρώτην
675 575 915 640 Χοιρίλην
951 575 1176 638 (debebat
1212 574 1499 639 Χοιρίνην),
1542 571 1774 637 δευτέραν

142 643 196 694 δὲ
254 644 456 693 Mein&
524 645 841 694 scribendum
901 647 1112 694 coniecit
1177 645 1478 699 DindorfiuS‚
1536 643 1595 690 cf.
1652 657 1775 704 quae

140 715 447 764 Fritzschius
483 712 536 762 in
563 716 807 776 Aristoph.
847 715 1043 763 Thesm.
1085 731 1131 779 p.
1163 717 1262 763 110
1300 715 1436 762 dixit.
1501 715 1564 761 27
1604 711 1774 775 Χοιρί-

140 788 232 847 λην
257 786 321 843 Α,
357 783 598 848 Χοιρίνην
622 785 677 832 Β.
717 784 1111 849 Μνησταρχίδην
1136 786 1188 833 Α.
1219 786 1282 832 28
1306 780 1397 846 μὲν
1420 780 1632 847 πρῶτον]
1660 798 1774 845 πρε-

115 853 380 918 ,σβύτερον
404 856 468 916 Α,
504 850 595 916 μὲν
627 853 956 918 πρεσβύτερον
981 854 1080 902 alii.
1144 855 1207 902 29
1246 852 1476 917 νεώτερος
1503 851 1566 914 Β,
1600 850 1774 899 νεώτε-

142 941 230 1008 ρον
257 926 427 978 ceteri,
465 919 710 971 νεώτατον
736 925 927 988 scripsi.
990 926 1057 973 30
1094 920 1216 970 κατὰ
1255 938 1349 971 om.
1378 923 1472 970 AB.
1526 924 1590 970 31
1628 920 1776 969 verba

142 992 235 1042 ἐτει
249 991 439 1058 πρώτῳ,
460 1008 582 1056 quae
600 1001 708 1056 post
723 991 972 1051 Πελιαδας
1003 995 1067 1042 32
1090 992 1164 1054 leO
1172 991 1392 1047 ebantur‚
1415 992 1511 1040 huc
1533 992 1775 1039 revocavit

142 1062 422 1111 Elmsleius.
487 1065 550 1111 33
586 1060 696 1127 Ῠβ]
735 1064 800 1125 (Ρη
837 1063 890 1111 Β.
965 1066 1029 1112 37
1072 1061 1124 1110 ἐν
1139 1031 1450 1125 ἓἒΑθήνιησιν]
1502 1058 1556 1108 ἐν
1600 1060 1777 1108 melius

144 1132 319 1181 aberit.
376 1134 444 1179 44
481 1129 564 1180 καὶ
600 1131 859 1181 delendum
899 1134 1139 1193 suspicor.
1196 1133 1261 1181 47
1299 1137 1516 1195 προγώνι
1541 1130 1597 1193 Β,
1623 1126 1778 1193 ἀγῶνι

142 1201 492 1264 Rossignolius.
532 1202 738 1250 fortasse
775 1202 1075 1265 biographus
1100 1203 1395 1266 Προαγῶνα,
1434 1214 1555 1264 quae
1583 1214 1776 1247 comoe-

145 1272 224 1320 dia
261 1271 351 1319 fuit
375 1271 733 1335 Aristophanis,
772 1286 861 1334 pro
901 1271 1173 1336 Sophoclea
1211 1271 1476 1319 venditavit
1510 1269 1775 1332 tragoedia.

146 1344 210 1389 65
255 1336 641 1405 Ἀριστοφάνης]
701 1342 950 1404 discrepat
1003 1340 1192 1391 Gellius
1246 1341 1302 1389 N.
1340 1343 1394 1388 A.
1437 1341 1524 1394 15,
1576 1341 1666 1393 20,
1718 1341 1774 1387 8:

146 1412 436 1460 Alexander
481 1419 644 1459 autem
682 1413 883 1459 Aetolus
927 1412 1017 1460 hos
1054 1413 1116 1459 de
1151 1411 1398 1471 Euripide
1442 1422 1610 1457 versus
1650 1422 1772 1457 com·

142 1483 327 1543 posuit:

214 1547 239 1596 ὁ
276 1546 323 1596 δ’
358 1545 689 1613 Ἀναξαγόρου
716 1543 944 1613 τρόφιμος
981 1555 1125 1612 χαιοῦ
1159 1540 1400 1613 στρυφνὸς
1435 1545 1526 1611 μὲν
1550 1545 1707 1611 ε’μοιγε

1160 1623 1445 1698 προσειπεῖν

213 1705 296 1735 και
320 1685 581 1752 μισόγελως
608 1686 690 1736 καὶ
716 1686 958 1746 τωθαζειν
982 1683 1098 1736 οὐδὲ
1130 1679 1245 1751 παρ’
1277 1690 1413 1736 οἶνον
1436 1682 1755 1751 μεμαθηκως,

213 1752 311 1805 αλλ’
339 1755 414 1805 ὅτι
437 1756 628 1821 γράψαι
652 1753 784 1805 τοῦτ’
813 1776 879 1805 αν
901 1755 1088 1820 μέλιτος
1113 1755 1197 1805 καὶ
1222 1756 1482 1821 Σειρήνων
1508 1754 1755 1817 ἐτετεύχει.

147 1841 238 1875 nec
286 1826 432 1875 fidem
472 1827 628 1876 Gellio
666 1827 970 1889 denegarunt
1014 1827 1236 1876 homines
1274 1827 1426 1882 docti,
1466 1842 1506 1875 v,
1545 1824 1779 1874 Meinekii

147 1896 282 1944 Anal.
322 1896 455 1945 Alex.
494 1912 542 1960 p.
572 1899 687 1945 247.
740 1913 829 1959 ego
866 1912 963 1946 non
1002 1897 1171 1946 dubito
1209 1899 1328 1959 quin
1365 1905 1466 1945 tres
1502 1897 1778 1944 tetrametri

147 1968 446 2029 anapaestici
491 1967 831 2030 Aristophanis
878 1969 990 2017 sint.
1057 1967 1242 2015 Gellius
1277 1982 1397 2015 usus
1434 1973 1507 2014 est
1543 1965 1634 2012 hac
1673 1966 1779 2027 ipsa

147 2050 270 2099 quae
320 2034 462 2084 nobis
507 2038 559 2084 in
599 2037 823 2085 manibus
871 2043 945 2085 est
980 2038 1103 2093 vita,
1151 2052 1310 2101 neque
1356 2035 1471 2085 inde
1511 2034 1636 2098 quod
1676 2034 1778 2097 ple-

147 2107 288 2153 niora
325 2105 466 2154 affert
509 2113 680 2169 poetae
721 2106 872 2155 verba
912 2108 1134 2170 sequitur
1172 2113 1228 2155 ut
1264 2106 1323 2154 de
1371 2107 1568 2154 nomine
1607 2111 1781 2168 poetae

146 2189 264 2238 prae
303 2175 455 2224 altero
483 2181 606 2223 teste
644 2176 738 2225 fide
760 2176 937 2239 dignus
967 2179 1046 2225 sit.
1099 2175 1243 2225 facile
1283 2182 1442 2224 autem
1471 2189 1611 2223 error
1638 2172 1780 2222 Gellii

149 2243 385 2308 explicari
421 2252 595 2308 potest,
634 2245 721 2294 ubi
755 2245 1030 2295 Alexandro
1066 2245 1235 2295 Aetolo
1271 2247 1647 2294 meminerimus
1683 2250 1779 2291 tra-

151 2314 435 2376 goediarum
475 2315 846 2379 dispositionem
884 2331 909 2363 a
947 2316 1226 2365 Ptolemaeo
1264 2315 1581 2378 Philadelpho
1631 2313 1779 2361 fuisse

148 2383 441 2433 mandatam.
502 2399 601 2433 non
638 2388 911 2446 composuit
946 2385 1221 2434 Alexander
1258 2385 1457 2434 Aetolus
1504 2397 1675 2432 versus
1722 2382 1779 2429 de

149 2453 327 2517 quibus
364 2456 545 2516 agitur,
593 2454 678 2515 sed
717 2457 964 2516 adposuit.
1043 2469 1108 2502 vs,
1153 2459 1179 2502 1
1217 2453 1451 2539 τροφιμος
1495 2458 1639 2517 χαιοῠ
1672 2450 1780 2498 Val-

150 2523 406 2572 ekenarius
443 2538 533 2586 pro
571 2523 804 2589 τρόφιμος
830 2521 1061 2589 ἀρχαίου,
1108 2524 1236 2589 quod
1273 2527 1325 2573 in
1362 2523 1533 2589 τρόφις
1577 2518 1781 2585 ἀρχαίου

149 2599 301 2642 mutat
348 2593 608 2655 BergkiUS.
672 2610 739 2641 vs,
781 2598 810 2643 3
858 2592 1095 2659 γραψειεν
1142 2591 1280 2642 ἅπαν
1329 2594 1425 2657 (vel
1471 2591 1679 2658 γράψειε
1727 2587 1779 2637 τὸ

149 2665 266 2722 πᾶν)
291 2659 477 2725 μέλιτος
501 2662 587 2710 καὶ
612 2662 871 2728 Σειρήνων
896 2662 1184 2713 ἐπεπνεύκει
1210 2663 1526 2713 scribendum
1547 2662 1701 2712 arhiti
1706 2674 1776 2706 or.

152 2733 214 2778 67
253 2731 513 2797 Χοιρίλην]
543 2733 786 2798 Χοιρίνην
818 2734 1096 2796 legendum.
1161 2736 1225 2783 68
1262 2739 1456 2799 πρωτον
1490 2733 1651 2798 δρᾶμα
1676 2723 1778 2796 τὸν]

152 2798 311 2863 δρᾶμα
335 2800 420 2850 τὸν
443 2801 677 2868 πρότερον
703 2803 1046 2860 KirchhosfiUS,
1088 2805 1224 2851 cuius
1251 2804 1312 2852 cf.
1353 2806 1515 2852 adnot.
1582 2804 1643 2848 71
1672 2812 1778 2861 sqq.

152 2866 391 2933 δύστηνος
416 2899 485 2906 --
510 2869 565 2920 δὲ
597 2868 683 2940 μή]
722 2888 763 2919 v.
803 2873 920 2923 Eur.
957 2873 1028 2923 El.
1070 2875 1169 2922 923
1208 2887 1280 2938 Sq.
1353 2875 1419 2922 83
1456 2868 1611 2920 αὐτοῦ
1646 2865 1777 2923 libri,
