2022 3126
117 1509 231 1559 XO.

117 1678 229 1727 ΘΗ

791 92 1125 143 ῘΚΕΤΙΔΕΣ
1676 93 1775 146 377

310 234 596 307 ζηλοῦνθ’,
623 235 698 292 ἵν’
728 234 900 292 αὐτὸν
923 241 1215 308 χρημάτων
1240 243 1377 309 ἔρως
1400 242 1511 309 ἔχῃ,

309 321 375 376 τά
398 318 447 376 τ’
477 319 667 393 οἰκτρὰ
688 320 817 386 τοὺς
834 320 906 392 μὴ
934 326 1220 392 δυστυχεῖς
1247 322 1596 392 δεδορκέναι·

309 405 405 460 τόν
428 403 490 460 θ’
521 403 830 476 ὑμνοποιὸν
854 403 1020 470 αὐτὸς
1044 403 1113 460 ἂν
1142 412 1295 478 τίκτῃ
1322 408 1455 476 μέλη
1698 420 1779 462 180

308 495 569 562 χαίροντα
595 495 802 545 τίκτειν
818 508 828 518 ·
856 487 926 561 ἢν
949 490 1010 545 δὲ
1033 488 1105 560 μὴ
1131 490 1308 562 πάσχῃ
1333 489 1477 559 τόδε,

310 571 462 629 ούτοι
487 572 703 629 δύναιτ’
733 570 803 630 ἂν
827 577 1052 630 οἴκοθέν
1075 572 1129 645 γ’
1159 572 1432 646 ἀτώμενος

307 660 529 729 τέρπειν
554 681 623 713 αν
647 655 871 723 άλλους
911 655 1044 714 οὐδὲ
1064 657 1169 731 γὰρ
1196 663 1402 730 δίκην’
1383 664 1507 728 έχει.
1512 664 1528 725 ]

309 739 427 812 τάχ’
456 743 561 797 οὐν
585 738 654 797 ἂν
683 751 883 814 εἴποις,
907 749 1193 798 Πελοπίαν
1217 745 1408 813 παρεὶς
1431 743 1609 813 χθόνα

308 832 422 891 πῶς
451 839 567 891 ταῖς
586 824 847 899 Ἀθήναις
872 828 1032 883 τόνδε
1057 827 1415 898 προστάσσεις
1438 827 1640 894 πόνον;
1702 842 1776 885 185

309 908 414 981 ε’γώ
443 911 655 976 δίκαιός
680 911 785 983 εἰμ’
819 910 1159 984 ἀφηγεῖσθαι
1182 912 1329 968 τάδε.

307 995 536 1066 Σπάρτη
561 996 663 1067 μὲν
686 993 804 1067 ώμὴ
830 998 922 1052 καὶ
946 1003 1293 1053 πεποίκιλται
1315 996 1570 1067 τρόπους,

306 1079 371 1134 τὰ
395 1077 447 1135 δ’
473 1077 609 1135 ἄλλα
638 1079 807 1183 μικρὰ
835 1078 1083 1152 κάσθενῆ
1099 1100 1109 1110 “
1139 1081 1296 1146 πόλις
1321 1082 1382 1137 δὲ
1406 1080 1474 1152 σὴ

306 1164 446 1235 μόνη
472 1162 689 1221 δύναιτ’
717 1162 786 1221 ἂν
810 1164 962 1221 τόνδ’
996 1163 1302 1237 ὑποστῆναι
1327 1165 1517 1221 πόνον.

305 1249 388 1316 [τά
410 1246 461 1304 τ’
490 1249 680 1321 οἰκτρὰ
704 1248 808 1321 γὰρ
835 1252 1063 1321 δέδορκε
1087 1252 1180 1306 καὶ
1203 1256 1433 1306 νεανιάν
1699 1265 1776 1308 190

308 1339 416 1404 έχει
439 1334 500 1389 σε
523 1333 743 1405 ποιμέν’
772 1335 1003 1390 ἐσθλόν·
1033 1327 1101 1391 οῦ
1123 1341 1280 1409 χρεία
1305 1334 1491 1398 πόλεις

310 1420 508 1474 πολλαὶ
536 1417 791 1475 διώλοντ’
821 1423 1027 1484 ἐνδεεῖς
1052 1417 1441 1492 στρατηλάτου.
1446 1425 1464 1487 ]

302 1500 452 1573 κάγώ
478 1502 575 1559 τὸν
600 1501 772 1559 αῦτόν
801 1507 946 1580 τῷδε’
966 1524 1051 1561 σοι
1079 1505 1243 1575 λόγον
1267 1507 1426 1575 λέγω,

307 1594 518 1659 Θησεῦ,
549 1585 623 1643 δι’
657 1597 845 1644 οἴκτου
870 1588 965 1655 τὰς
989 1587 1119 1661 ἐμὰς
1142 1596 1333 1661 λαβεῖν
1357 1589 1537 1659 τύχας.

313 1670 529 1728 ἄλλοισι
558 1671 625 1744 δὴ
647 1670 865 1745 ’πόνησ’
895 1671 1219 1746 ἁμιλληθεὶς
1243 1675 1389 1748 λόγῳ
1695 1688 1775 1732 195

306 1755 513 1831 τοιῷδ’.
563 1760 708 1824 ἔλεξε
731 1758 835 1828 γάρ
861 1782 940 1823 τις
966 1757 1036 1825 ὡς
1062 1757 1127 1813 τὰ
1148 1765 1373 1831 χείρονα

304 1848 475 1897 πλείω
500 1849 782 1914 βροτοῖσίν
805 1846 916 1899 ἐστι
939 1850 1050 1899 τῶν
1074 1841 1406 1915 ἀμεινόνων·

307 1925 412 1997 ἐγώ
440 1926 502 1982 δε
524 1927 736 1992 τούτοις
760 1925 955 1984 ἀντίαν
978 1928 1206 2000 γνώμην
1231 1935 1332 2000 ἔχω

305 2018 491 2081 [πλείω
508 2012 572 2066 τὰ
586 2012 789 2113 χρηστὰ
817 2019 928 2068 τῶν
951 2036 1138 2069 κακων
1164 2013 1303 2069 εἶναι
1325 2020 1568 2085 βροτοῖς·

306 2101 357 2151 εἰ
377 2094 450 2167 μὴ
474 2096 578 2169 γὰρ
603 2098 673 2168 ἠν
696 2095 814 2152 τόδ’
822 2095 965 2168 ,οὐκ
990 2122 1060 2153 αν
1088 2097 1233 2169 ἥμην
1253 2101 1313 2151 ἐν
1332 2097 1497 2165 φάει].
1689 2112 1769 2153 200

307 2185 445 2235 αἰνω
472 2178 526 2235 δ’
561 2178 620 2245 ὃς
641 2178 773 2252 ἡμῖν
796 2188 987 2253 βίοτον
1013 2185 1072 2239 ἐκ
1099 2185 1461 2254 πεφυρμένου

308 2267 399 2331 καὶ
422 2265 741 2337 θηριώδους
764 2273 918 2323 θεῶν
943 2268 1400 2338 διεσταθμήσατο,

306 2354 525 2420 πρῶτον
549 2350 649 2420 μὲν
674 2353 857 2416 ἐνθεὶς
881 2352 1137 2422 σύνεσιν,
1165 2351 1279 2407 εἶτα
1304 2348 1357 2407 δ’
1387 2349 1623 2422 ἄγγελον

306 2439 560 2503 γλῶσσαν
586 2434 768 2504 λόγων
793 2433 953 2506 δούς,
981 2434 1053 2502 ὡς
1076 2441 1436 2508 γεγωνίσκειν
1461 2432 1586 2506 ὅπα,

306 2517 521 2589 τροφήν
548 2541 606 2574 τε
628 2525 846 2591 καρποῦ
870 2526 935 2592 τῇ
958 2527 1136 2593 τροφῇ
1160 2517 1199 2575 τ’
1234 2517 1327 2576 ἀπ’
1355 2518 1601 2592 ούρανοῦ
1686 2535 1769 2576 205

306 2601 572 2672 σταγόνας
594 2600 864 2675 ὑδρηλάς,
891 2602 963 2669 ὡς
986 2605 1051 2660 τά
1074 2603 1127 2676 γ’
1155 2608 1215 2660 ἐκ
1238 2611 1396 2676 γαίας
1418 2607 1592 2678 τρέφῃ

306 2682 448 2758 ἄρδῃ
471 2709 529 2742 τε
551 2687 756 2759 νηδύν·
783 2686 920 2760 πρὸς
943 2690 1004 2745 δὲ
1031 2702 1169 2745 τοῖσι
1190 2695 1438 2761 χείματος

306 2769 663 2843 προβλήματ’,
692 2771 894 2844 αἶθρον
918 2773 1293 2845 ἐξαμύνασθαι
1316 2781 1475 2844 θεοῦ,

306 2853 512 2912 πόντου
536 2878 594 2912 τε
616 2855 1053 2929 ναυστολήμαθ’,
1082 2856 1154 2924 ὡς
1179 2857 1474 2930 διαλλαγὰς
