2022 3126
771 80 1105 126 HAEKTPA
1658 77 1753 130 267

297 222 496 286 ἔβαλλε
519 215 765 287 βωμούς,
790 215 971 272 τοιάδ’
1000 221 1244 274 ἐννέπων
1268 226 1369 289 ἔπη
1386 239 1398 248 ·

295 300 535 371 Νύμφαι
559 313 837 370 πετραῖαι,
865 302 1124 367 πολλάκις
1148 325 1214 373 με
1238 310 1544 374 βουθυτεῖν
1675 317 1758 360 805

295 386 386 439 καὶ
412 384 513 455 τὴν
535 381 657 439 κατ’
689 393 875 449 οἴκους
907 391 1225 456 Τυνδαρίδα
1251 385 1480 458 δάμαρτ’
1509 388 1644 459 ἐμὴν

296 469 638 538 πράσσοντας
656 465 727 533 ὡς
743 474 869 538 νῦν,
888 467 1017 534 τοὺς
1041 468 1086 525 3²
1114 470 1276 541 ἐμοὺς
1301 471 1537 544 ἐχθροὺς
1561 478 1756 536 κακῶς·

295 554 472 623 λέγων
494 550 752 624 Ὀρέστην
777 555 870 607 καὶ
895 556 972 609 σέ.
1000 555 1264 626 δεσπότης
1288 561 1322 611 δ
1328 554 1341 574 ’
1374 556 1499 627 ἐμὸς

295 633 544 692 τάναντί’
566 634 772 710 ηὔχετ’,
802 636 868 692 οὐ
893 645 1251 709 γεγωνίσκων
1276 641 1492 710 λόγους,

295 728 487 792 λαβεῖν
510 728 736 795 πατρῷα
762 720 993 793 δώματ’.
1019 727 1080 779 ἐκ
1104 730 1278 779 κανοῦ
1303 723 1355 779 δ’
1385 724 1526 781 ἑλών
1676 737 1760 777 810

293 813 565 876 Αἴγισθος
581 804 773 907 ὀρθὴν
796 812 1069 878 σφαγίδα,
1095 815 1356 878 μοσχείαν
1381 817 1535 880 τρίχα

297 913 478 960 τεμων
501 888 594 961 ἐφ’
623 887 795 961 αγνὸν
819 913 930 963 πυρ
957 897 1126 963 ε’θηκε
1151 896 1317 966 δεξιᾷ,

296 971 536 1044 κάσφαξ’
566 972 651 1029 ἐπ’
683 972 850 1044 ὤμων
875 976 1078 1046 μόσχον
1104 974 1175 1041 ὡς
1199 979 1341 1047 ῆραν
1367 991 1550 1047 χεροῖν

296 1063 497 1128 δμῶες,
526 1060 673 1129 λέγει
700 1059 760 1114 δὲ
783 1065 860 1133 σῷ
885 1062 1197 1136 κασιγνήτῳ
1222 1063 1377 1117 τάδε

293 1145 352 1197 ἐκ
376 1150 488 1199 τῶν
511 1150 696 1199 καλῶν
721 1151 994 1214 κομποῦσι
1018 1159 1158 1202 τοῖσι
1184 1153 1478 1212 Θεσσαλοῖς
1677 1162 1758 1203 815

296 1225 435 1283 εἶναι
462 1229 559 1284 τόδ
568 1227 602 1298 ’,
630 1225 777 1292 ὅστις
799 1235 1009 1301 ταῦρον
1032 1229 1266 1301 άρταμεῖ
1287 1239 1466 1297 καλῶς

295 1315 497 1377 ἵππους
521 1311 568 1368 τ’
601 1310 831 1413 ὀχμάζει.
858 1316 991 1385 λαβὲ
1015 1318 1273 1423 σίδηρον,
1302 1309 1345 1370 ὦ
1371 1319 1508 1386 ξένε,

295 1398 476 1463 δεῖξόν
500 1420 559 1453 τε
583 1399 771 1498 φήμην
797 1403 997 1469 ἔτυμον
1023 1397 1165 1472 άμφι
1192 1408 1507 1456 Θεσσαλῶν.

295 1503 323 1535 ο
350 1479 403 1536 δ’
434 1479 767 1553 εὐκρότητον
793 1482 976 1554 δορίδ
1013 1482 1333 1558 ἀναρπάσας
1363 1497 1569 1558 χεροῖν,

294 1568 458 1633 ρι’ψας
483 1563 578 1622 άπ
608 1564 774 1637 ω’μων
800 1564 1050 1639 ευπρεπῆ
1077 1570 1420 1640 πορπάματα,
1676 1583 1759 1627 820

295 1650 565 1721 Πυλάδην
589 1675 691 1722 μεν
718 1649 880 1706 είλετ’
910 1654 970 1706 ἐν
993 1652 1183 1717 πόνοις
1207 1651 1507 1726 υπηρέτην,

293 1738 476 1804 δμῶας
502 1734 557 1790 δ’
586 1734 830 1790 ἀπωθεῖ·
860 1739 952 1791 καὶ
977 1736 1164 1807 λαβών
1187 1738 1392 1809 μόσχου
1418 1740 1578 1809 πόδα,

289 1819 490 1884 λευκὰς
515 1819 762 1891 ἐγύμνου
786 1820 989 1891 σάρκας
1013 1825 1274 1877 ἐκτείνων
1297 1826 1453 1893 χέρα·

292 1910 506 1959 θᾶσσον
531 1905 592 1959 δὲ
617 1905 833 1976 βύρσαν
857 1908 1128 1977 ἐξέδειρεν
1151 1903 1186 1978 ἢ
1212 1907 1452 1979 δρομεὺς

293 1988 518 2053 δισσοὺς
543 1990 807 2054 διαύλους
834 1992 1020 2053 ἵππιος
1052 1990 1308 2061 διήνυσε,
1677 2006 1758 2048 825

291 2070 510 2128 κάνεῖτο
534 2075 787 2144 λαγόνας.
819 2073 939 2146 ἱερὰ
964 2074 1018 2131 δ’
1050 2095 1126 2141 εις
1148 2089 1333 2148 χεῖρας
1358 2076 1546 2148 λαβών

293 2166 567 2227 Αἴγισθος
592 2157 776 2230 ἤθρει.
801 2161 894 2214 καὶ
918 2159 1081 2231 λοβὸς
1103 2161 1203 2231 μὲν
1227 2159 1293 2216 οὐ
1319 2168 1532 2232 προσῆν

296 2242 642 2313 σπλάγχνοις,
669 2243 838 2298 πύλαι
865 2244 925 2299 δὲ
949 2247 1040 2300 καὶ
1065 2248 1221 2316 δοχαὶ
1243 2252 1404 2316 χολῆς
1428 2249 1594 2311 πέλας

294 2320 463 2390 κακὰς
489 2333 720 2397 ἔφαινον
743 2334 818 2402 τῷ
843 2336 1144 2385 σκοποῦντι
1167 2332 1495 2401 προσβολάς.

292 2406 368 2480 χῶ
399 2411 500 2481 μὲν
523 2412 855 2483 σκυθράζει,
884 2414 1150 2484 δεσπότης
1174 2419 1208 2469 δ
1217 2412 1229 2431 ’
1262 2412 1565 2485 ἀνιστορεῖ·
1675 2429 1759 2472 830

295 2501 353 2549 τί
369 2493 531 2566 χρῆμ’
560 2495 822 2566 άθυμεῖς;
851 2490 895 2552 ὦ
918 2497 1030 2564 ξέν’
1049 2541 1062 2564 ,
1089 2496 1319 2569 ὀρρωδῶ
1344 2524 1466 2554 τινα

295 2578 461 2634 δόλον
484 2590 742 2652 θυραῖον.
767 2587 880 2636 ἔστι
903 2587 937 2637 δ
944 2579 957 2600 ’
985 2589 1234 2652 ἔχθιστος
1257 2590 1472 2655 βροτῶν

288 2661 687 2735 Ἀγαμέμνονος
711 2679 836 2730 παῖς
861 2667 1113 2737 πολέμιός
1137 2665 1186 2722 τ’
1215 2671 1361 2739 ἐμοῖς
1387 2674 1590 2740 δόμοις.

288 2746 319 2803 ὃ
352 2752 384 2802 δ
392 2745 404 2764 ’
437 2747 552 2803 εἷπε
570 2768 581 2777 ·
608 2750 858 2821 φυγάδος
881 2755 1016 2821 δῆτα
1042 2756 1340 2823 δειμαίνεις
1365 2754 1547 2825 δόλον,

291 2832 499 2896 πόλεως
524 2830 804 2900 ἀνάσσων;
829 2833 956 2904 οὐχ,
983 2832 1130 2900 ὅπως
1154 2838 1425 2908 παστήρια
1677 2852 1760 2896 835
