2022 3126
106 2024 216 2072 XO.

106 2361 228 2409 ΔΗ.

704 99 762 143 Η
759 98 1018 144 ΡΑΚΛΕΙ
1021 98 1150 144 ΔΑΙ
1647 92 1749 146 295

250 272 262 282 -
286 249 441 312 κείνη
468 241 528 296 δὲ
550 241 798 301 Πέλοπος
823 236 1118 307 θυγατρός
1146 239 1411 302 ἐξανεψίω

286 325 460 397 πατὴρ
490 321 558 379 ἀν
587 332 668 393 εἴη
694 322 788 385 σός
811 344 869 375 τε
893 317 968 390 χῶ
995 326 1206 375 τούτων
1231 318 1419 391 γεγῶς.

288 413 485 481 γένους
510 409 610 479 μὲν
635 405 786 477 ἥκεις
811 398 919 461 ῶδε
943 410 1154 473 τοῖσδε,
1181 409 1496 475 Δημοφῶν·

288 493 322 550 ὁὶ
347 492 400 550 δ’
429 493 581 557 ἐκτὸς
604 490 709 562 ἤδη
734 496 831 545 τοῦ
859 489 1229 560 προσήκοντός
1252 507 1313 544 σε
1345 493 1432 543 δεῖ

288 593 430 634 τῖσαι
456 581 596 648 λέγω
621 595 707 631 σοι
731 582 911 630 παισί·
940 576 1080 645 φημὶ
1105 573 1207 644 γάρ
1233 596 1364 629 ποτε
1669 586 1749 626 ’215

286 664 571 734 σύμπλους
593 684 691 732 762
694 663 854 715 ε’σθαι
877 656 1046 714 τῶνδ’
1072 654 1394 725 ὑπασπίζων
1417 662 1597 727 πατρί,

286 753 527 819 ζωστῆρα
554 754 725 817 Θησεῖ
744 744 841 800 τὸν
865 742 1209 799 πολυκτόνον
1232 745 1380 812 μέτα,

273 829 467 888 Αιδου
491 830 539 886 τ’
571 835 818 901 ἐρεμνῶν
842 827 1176 899 ἐξανήγαγεν
1200 832 1390 897 μυχῶν

287 920 492 987 πατέρα
517 915 641 972 σόν·
669 912 856 977 Ελλας
879 919 1024 968 πᾶσα
1047 918 1210 966 τοῦτο
1237 923 1518 982 μαρτυρεῖ.

274 992 374 1073 [ὧν
389 998 719 1056 ἀντιδοῦναί
738 995 789 1053 σ’
819 994 928 1053 οἵδ’
959 995 1286 1052 ἀπαιτοῦσιν
1309 996 1486 1066 χάριν,
1668 1009 1751 1050 220

285 1083 410 1156 μήτ’
443 1089 743 1155 ἐκδοθῆναι
767 1082 900 1154 μήτε
923 1081 1059 1153 πρὸς
1083 1087 1213 1152 βίαν
1235 1086 1389 1135 θεῶν

286 1176 395 1225 τῶν
420 1176 535 1225 σῶν
559 1167 1010 1232 ἀποσπασθέντες
1035 1170 1287 1221 ἐκπεσεῖν
1308 1164 1527 1236 χθονός.

285 1258 370 1310 σοὶ
393 1254 498 1326 γὰρ
523 1252 640 1310 τόδ’
671 1252 895 1324 αἰσχρόν
913 1295 926 1321 ,
951 1253 1116 1323 χωρὶς
1142 1254 1200 1305 ἐν
1226 1250 1382 1305 πόλει
1411 1248 1600 1319 κακόν,

288 1342 465 1404 ἱκέτας
488 1336 687 1410 ἀλήτας
710 1350 1021 1408 συγγενεῖς,
1047 1345 1191 1406 οἴμοι
1215 1341 1418 1404 κακῶν,

288 1427 492 1496 βλέψον
517 1423 653 1495 πρὸς
677 1420 881 1486 αὐτοῦς
904 1424 1140 1492 βλέψον,
1166 1423 1427 1476 ἕλκεσθαι
1451 1419 1586 1492 βίῳ]
1672 1433 1754 1473 225

287 1506 406 1564 ἀλλ’
437 1506 674 1578 ἅντομαί
695 1526 756 1562 σε
778 1508 870 1562 καὶ
893 1507 1214 1575 καταστέφω
1237 1516 1439 1576 χεροῖν,

290 1591 361 1660 μὴ
392 1592 531 1659 πρὸς
561 1599 809 1664 γενείου,
834 1596 1095 1662 μηδαμῶς
1121 1586 1382 1661 ἀτιμάσῃς

286 1677 414 1742 τοὺς
438 1676 793 1748 Ἡρακλείους
819 1681 1016 1740 παῖδας
1042 1680 1116 1739 εἰς
1142 1677 1301 1745 χέρας
1334 1679 1541 1743 λαβεῖν.

290 1769 457 1833 γενοῦ
484 1762 544 1818 δὲ
568 1767 752 1817 τοῖσδε
776 1760 1073 1832 συγγενής,
1099 1764 1267 1828 γενοῦ
1293 1764 1452 1828 φίλος

288 1846 465 1918 πατὴρ
493 1845 733 1918 ἀδελφὸς
759 1846 1026 1916 δεσπότης
1042 1863 1052 1872 ·
1085 1840 1297 1899 ἅπαντα
1316 1841 1420 1913 γὰρ
1673 1854 1756 1897 230

290 1929 442 1987 ταῦτ’
472 1933 585 1986 ἐστὶ
609 1936 844 2002 κρείσσω
875 1928 1019 2000 πλὴν
1044 1926 1142 1983 ὑπ’
1166 1926 1431 2001 Ἀργείοις
1456 1939 1660 1982 πεσεῖν.

288 2014 503 2093 &mags
534 2014 773 2080 ἄκου’σας
796 2014 997 2070 τούσδε
1020 2019 1335 2086 συμφορᾶς,
1365 2010 1515 2078 ἅναξ.

291 2100 390 2171 τὴν
416 2097 460 2156 δ’
489 2099 777 2171 εὐγένειαν
802 2105 896 2169 τῆς
921 2099 1086 2170 τύχης
1109 2101 1422 2169 νικωμένην

295 2192 400 2241 νῦν
427 2185 493 2256 δὴ
521 2182 736 2256 μάλιστ’
767 2189 1027 2240 εἰσεῖδον·
1058 2187 1174 2238 οἵδε
1197 2181 1301 2254 γὰρ
1329 2180 1531 2252 πατρὸς

294 2274 499 2326 ἐσθλοῦ
523 2276 758 2340 γεγῶτες
782 2267 1117 2339 δυστυχοῦσ’
1148 2265 1396 2333 ἀναξίως.
1672 2279 1756 2320 235

297 2361 521 2423 τρισσαί
548 2352 604 2425 μ’
636 2351 1003 2424 ἀναγκάζουσι
1027 2357 1315 2422 συμφορᾶς
1340 2348 1480 2420 οδοί,

294 2438 490 2508 Ιόλαε,
518 2437 647 2504 τοῦς
671 2436 803 2502 σοῦς
829 2437 900 2509 μὴ
924 2437 1291 2543 παρώσασθαι
1317 2436 1542 2507 λόγους

296 2523 355 2579 τὸ
380 2547 480 2594 μεν
503 2527 761 2594 μέγιστον
784 2522 926 2587 Ζευς
951 2520 1041 2593 ἐφ’
1078 2521 1143 2576 οὐ
1169 2519 1238 2575 σὺ
1263 2520 1468 2592 βῶμιος

294 2618 487 2672 θακεῖς
511 2613 757 2663 νεοσσῶν
779 2603 934 2677 τήνδ’
964 2612 1103 2676 ἔχων
1130 2604 1417 2678 ὁμήγυριν,

294 2691 353 2747 τὸ
380 2695 642 2787 συγγενές
666 2715 724 2747 τε
747 2716 838 2747 και
861 2690 921 2747 τὸ
951 2696 1313 2761 προυφείλειν
1336 2694 1516 2775 καλῶς
1677 2700 1762 2742 240

298 2794 564 2879 πρασσειν
587 2775 717 2847 παρ’
746 2774 903 2876 ἡμῶν
926 2775 1126 2829 τούσδε
1151 2774 1410 2849 πατρςόαν
1431 2771 1608 2843 χάριν

296 2863 356 2916 τό
382 2860 427 2915 τ’
459 2861 710 2931 αισχρόν,
737 2861 910 2931 οῦπερ
950 2863 1038 2913 δεῖ
1061 2857 1290 2929 μαλιστα
1316 2861 1634 2929 φροντίσαι·
