<?xml version="1.0" encoding="UTF-8"?>
<!DOCTYPE html PUBLIC "-//W3C//DTD XHTML 1.0 Transitional//EN"
    "http://www.w3.org/TR/xhtml1/DTD/xhtml1-transitional.dtd">
<html xmlns="http://www.w3.org/1999/xhtml" xml:lang="en" lang="en">
 <head>
  <title>
</title>
<meta http-equiv="Content-Type" content="text/html;charset=utf-8" />
  <meta name='ocr-system' content='tesseract 3.04.00' />
  <meta name='ocr-capabilities' content='ocr_page ocr_carea ocr_par ocr_line ocrx_word'/>
</head>
<body>
  <div class='ocr_page' id='page_1' title='image "./euripidistragoe01euriuoft_0560.png"; bbox 0 0 2022 3126; ppageno 0'>
   <div class='ocr_carea' id='block_1_1' title="bbox 210 86 311 135">
    <p class='ocr_par' dir='ltr' id='par_1_1' title="bbox 210 86 311 135">
     <span class='ocr_line' id='line_1_1' title="bbox 210 86 311 135; baseline -0.01 0"><span class='ocrx_word' id='word_1_1' title='bbox 210 86 311 135; x_wconf 79' lang='lat'><strong><em>460</em></strong></span> 
     </span>
    </p>
   </div>
   <div class='ocr_carea' id='block_1_2' title="bbox 212 235 309 282">
    <p class='ocr_par' dir='ltr' id='par_1_2' title="bbox 212 235 309 282">
     <span class='ocr_line' id='line_1_2' title="bbox 212 235 309 282; baseline -0.01 0"><span class='ocrx_word' id='word_1_2' title='bbox 212 235 309 282; x_wconf 89' lang='lat' dir='ltr'><strong><em>IH.</em></strong></span> 
     </span>
    </p>
   </div>
   <div class='ocr_carea' id='block_1_3' title="bbox 217 403 319 450">
    <p class='ocr_par' dir='ltr' id='par_1_3' title="bbox 217 403 319 450">
     <span class='ocr_line' id='line_1_3' title="bbox 217 403 319 450; baseline -0.01 0"><span class='ocrx_word' id='word_1_3' title='bbox 217 405 260 450; x_wconf 87' lang='lat' dir='ltr'><em>A</em></span> <span class='ocrx_word' id='word_1_4' title='bbox 266 403 319 450; x_wconf 89' lang='lat' dir='ltr'><strong><em>P.</em></strong></span> 
     </span>
    </p>
   </div>
   <div class='ocr_carea' id='block_1_4' title="bbox 215 2428 314 2478">
    <p class='ocr_par' dir='ltr' id='par_1_4' title="bbox 215 2428 314 2478">
     <span class='ocr_line' id='line_1_4' title="bbox 215 2428 314 2478; baseline -0.02 0"><span class='ocrx_word' id='word_1_5' title='bbox 215 2428 314 2478; x_wconf 90' lang='grc' dir='ltr'><strong><em>ΙΠ.</em></strong></span> 
     </span>
    </p>
   </div>
   <div class='ocr_carea' id='block_1_5' title="bbox 833 86 1248 134">
    <p class='ocr_par' dir='ltr' id='par_1_5' title="bbox 833 86 1248 134">
     <span class='ocr_line' id='line_1_5' title="bbox 833 86 1248 134; baseline 0.005 -2"><span class='ocrx_word' id='word_1_6' title='bbox 833 86 1248 134; x_wconf 84' lang='grc' dir='ltr'><em>ΙΠΠΟΛΤΤΟΣ</em></span> 
     </span>
    </p>
   </div>
   <div class='ocr_carea' id='block_1_6' title="bbox 398 246 1554 971">
    <p class='ocr_par' dir='ltr' id='par_1_6' title="bbox 398 246 532 298">
     <span class='ocr_line' id='line_1_6' title="bbox 398 246 532 298; baseline -0.007 -16"><span class='ocrx_word' id='word_1_7' title='bbox 398 246 532 298; x_wconf 84' lang='grc' dir='ltr'><strong><em>φευ·</em></strong></span> 
     </span>
    </p>

    <p class='ocr_par' dir='ltr' id='par_1_7' title="bbox 399 302 1554 803">
     <span class='ocr_line' id='line_1_7' title="bbox 400 302 1546 381; baseline -0.002 -15"><span class='ocrx_word' id='word_1_8' title='bbox 400 308 508 366; x_wconf 77' lang='grc' dir='ltr'><strong><em>εἴθ’</em></strong></span> <span class='ocrx_word' id='word_1_9' title='bbox 538 302 609 381; x_wconf 78' lang='grc' dir='ltr'><strong><em>ἦν</em></strong></span> <span class='ocrx_word' id='word_1_10' title='bbox 633 307 828 379; x_wconf 79' lang='grc' dir='ltr'><strong><em>ἀραῖον</em></strong></span> <span class='ocrx_word' id='word_1_11' title='bbox 853 313 1109 380; x_wconf 80' lang='grc' dir='ltr'><em>δαίμοσιν</em></span> <span class='ocrx_word' id='word_1_12' title='bbox 1133 315 1349 380; x_wconf 75' lang='grc' dir='ltr'><strong><em>βροτῶν</em></strong></span> <span class='ocrx_word' id='word_1_13' title='bbox 1371 311 1546 380; x_wconf 76' lang='grc' dir='ltr'><strong><em>γένος.</em></strong></span> 
     </span>
     <span class='ocr_line' id='line_1_8' title="bbox 402 391 1420 465; baseline -0.001 -15"><span class='ocrx_word' id='word_1_14' title='bbox 402 401 592 450; x_wconf 81' lang='grc' dir='ltr'><strong><em>ἔασον·</em></strong></span> <span class='ocrx_word' id='word_1_15' title='bbox 617 392 684 449; x_wconf 82' lang='grc' dir='ltr'><strong><em>οῦ</em></strong></span> <span class='ocrx_word' id='word_1_16' title='bbox 709 393 814 465; x_wconf 76' lang='grc' dir='ltr'><strong><em>γὰρ</em></strong></span> <span class='ocrx_word' id='word_1_17' title='bbox 839 391 973 449; x_wconf 77' lang='grc' dir='ltr'><strong><em>οὐδὲ</em></strong></span> <span class='ocrx_word' id='word_1_18' title='bbox 995 399 1095 464; x_wconf 77' lang='grc' dir='ltr'><strong><em>γῆς</em></strong></span> <span class='ocrx_word' id='word_1_19' title='bbox 1116 391 1225 449; x_wconf 79' lang='grc' dir='ltr'><strong><em>ὑπὸ</em></strong></span> <span class='ocrx_word' id='word_1_20' title='bbox 1251 394 1420 464; x_wconf 80' lang='grc' dir='ltr'><strong><em>ζόφον</em></strong></span> 
     </span>
     <span class='ocr_line' id='line_1_9' title="bbox 399 476 1475 549; baseline -0.003 -14"><span class='ocrx_word' id='word_1_21' title='bbox 399 485 534 543; x_wconf 83' lang='grc' dir='ltr'><strong><em>θεᾶς</em></strong></span> <span class='ocrx_word' id='word_1_22' title='bbox 560 476 743 549; x_wconf 72' lang='grc' dir='ltr'><strong><em>ἄτιμοι</em></strong></span> <span class='ocrx_word' id='word_1_23' title='bbox 765 478 1052 549; x_wconf 78' lang='grc' dir='ltr'><strong><em>Κύπριδος</em></strong></span> <span class='ocrx_word' id='word_1_24' title='bbox 1076 481 1135 533; x_wconf 84' lang='grc' dir='ltr'><strong><em>ἐκ</em></strong></span> <span class='ocrx_word' id='word_1_25' title='bbox 1159 484 1475 549; x_wconf 77' lang='grc' dir='ltr'><strong><em>προθυμίας</em></strong></span> 
     </span>
     <span class='ocr_line' id='line_1_10' title="bbox 401 560 1536 635; baseline -0.002 -16"><span class='ocrx_word' id='word_1_26' title='bbox 401 562 561 635; x_wconf 79' lang='grc' dir='ltr'><strong><em>ὀργαὶ</em></strong></span> <span class='ocrx_word' id='word_1_27' title='bbox 586 562 1033 633; x_wconf 81' lang='grc' dir='ltr'><strong><em>κατασκήψουσιν</em></strong></span> <span class='ocrx_word' id='word_1_28' title='bbox 1060 567 1136 626; x_wconf 83' lang='grc' dir='ltr'><strong><em>εἰς</em></strong></span> <span class='ocrx_word' id='word_1_29' title='bbox 1159 560 1219 618; x_wconf 85' lang='grc' dir='ltr'><strong><em>τὸ</em></strong></span> <span class='ocrx_word' id='word_1_30' title='bbox 1245 561 1346 618; x_wconf 85' lang='grc' dir='ltr'><strong><em>σὸν</em></strong></span> <span class='ocrx_word' id='word_1_31' title='bbox 1371 564 1536 632; x_wconf 80' lang='grc' dir='ltr'><em>δέμας</em></span> 
     </span>
     <span class='ocr_line' id='line_1_11' title="bbox 403 643 1554 719; baseline -0.002 -16"><span class='ocrx_word' id='word_1_32' title='bbox 403 654 522 719; x_wconf 87' lang='grc' dir='ltr'><strong><em>[σῆς</em></strong></span> <span class='ocrx_word' id='word_1_33' title='bbox 548 645 831 718; x_wconf 80' lang='grc' dir='ltr'><em>εὐσεβείας</em></span> <span class='ocrx_word' id='word_1_34' title='bbox 854 643 1104 717; x_wconf 71' lang='grc' dir='ltr'><strong><em>κάγαθῆς</em></strong></span> <span class='ocrx_word' id='word_1_35' title='bbox 1130 645 1334 719; x_wconf 84' lang='grc' dir='ltr'><strong><em>φρενὸς</em></strong></span> <span class='ocrx_word' id='word_1_36' title='bbox 1357 646 1554 717; x_wconf 81' lang='grc' dir='ltr'><strong><em>χάριν].</em></strong></span> 
     </span>
     <span class='ocr_line' id='line_1_12' title="bbox 401 728 1441 803; baseline -0.003 -15"><span class='ocrx_word' id='word_1_37' title='bbox 401 731 506 803; x_wconf 74' lang='grc' dir='ltr'><strong><em>ἐγώ</em></strong></span> <span class='ocrx_word' id='word_1_38' title='bbox 531 729 636 803; x_wconf 80' lang='grc' dir='ltr'><strong><em>γὰρ</em></strong></span> <span class='ocrx_word' id='word_1_39' title='bbox 663 729 832 802; x_wconf 81' lang='grc' dir='ltr'><strong><em>αὐτῆς</em></strong></span> <span class='ocrx_word' id='word_1_40' title='bbox 857 728 1025 786; x_wconf 74' lang='grc' dir='ltr'><strong><em>ἄλλον</em></strong></span> <span class='ocrx_word' id='word_1_41' title='bbox 1054 734 1106 797; x_wconf 81' lang='grc' dir='ltr'><strong><em>ἐξ</em></strong></span> <span class='ocrx_word' id='word_1_42' title='bbox 1131 734 1260 802; x_wconf 84' lang='grc' dir='ltr'><strong><em>ἐμῆς</em></strong></span> <span class='ocrx_word' id='word_1_43' title='bbox 1283 728 1441 802; x_wconf 86' lang='grc' dir='ltr'><strong><em>χερὸς</em></strong></span> 
     </span>
    </p>

    <p class='ocr_par' dir='ltr' id='par_1_8' title="bbox 400 816 1499 971">
     <span class='ocr_line' id='line_1_13' title="bbox 400 816 1499 915; baseline -0.002 -43"><span class='ocrx_word' id='word_1_44' title='bbox 400 841 458 881; x_wconf 90' lang='grc' dir='ltr'><strong><em>ος</em></strong></span> <span class='ocrx_word' id='word_1_45' title='bbox 485 840 554 872; x_wconf 94' lang='grc' dir='ltr'><strong><em>αν</em></strong></span> <span class='ocrx_word' id='word_1_46' title='bbox 577 816 807 886; x_wconf 86' lang='grc' dir='ltr'><strong><em>μαλιστα</em></strong></span> <span class='ocrx_word' id='word_1_47' title='bbox 832 821 1089 887; x_wconf 83' lang='grc' dir='ltr'><strong><em>φίλτατος</em></strong></span> <span class='ocrx_word' id='word_1_48' title='bbox 1113 821 1257 888; x_wconf 82' lang='grc' dir='ltr'><strong><em>κυρῇ</em></strong></span> <span class='ocrx_word' id='word_1_49' title='bbox 1282 820 1499 915; x_wconf 80' lang='grc' dir='ltr'><strong><em>βροτῶν</em></strong></span> 
     </span>
     <span class='ocr_line' id='line_1_14' title="bbox 400 898 1489 971; baseline -0.002 -14"><span class='ocrx_word' id='word_1_50' title='bbox 400 901 573 967; x_wconf 80' lang='grc' dir='ltr'><strong><em>τόξοις</em></strong></span> <span class='ocrx_word' id='word_1_51' title='bbox 600 898 868 970; x_wconf 82' lang='grc' dir='ltr'><strong><em>αφύκτοις</em></strong></span> <span class='ocrx_word' id='word_1_52' title='bbox 892 904 1075 956; x_wconf 83' lang='grc' dir='ltr'><strong><em>τοῖσδε</em></strong></span> <span class='ocrx_word' id='word_1_53' title='bbox 1097 899 1489 971; x_wconf 86' lang='grc' dir='ltr'><strong><em>τιμωρήσομαι.</em></strong></span> 
     </span>
    </p>
   </div>
   <div class='ocr_carea' id='block_1_7' title="bbox 400 981 1709 1055">
    <p class='ocr_par' dir='ltr' id='par_1_9' title="bbox 400 981 1709 1055">
     <span class='ocr_line' id='line_1_15' title="bbox 400 981 1709 1055; baseline -0.002 -14"><span class='ocrx_word' id='word_1_54' title='bbox 400 987 488 1041; x_wconf 93' lang='grc' dir='ltr'><strong><em>σοι</em></strong></span> <span class='ocrx_word' id='word_1_55' title='bbox 513 983 590 1054; x_wconf 78' lang='grc' dir='ltr'><strong><em>δ’,</em></strong></span> <span class='ocrx_word' id='word_1_56' title='bbox 620 1007 661 1039; x_wconf 89' lang='grc' dir='ltr'><em>ω</em></span> <span class='ocrx_word' id='word_1_57' title='bbox 688 982 1012 1055; x_wconf 75' lang='grc' dir='ltr'><strong><em>ταλαίπωρ’,</em></strong></span> <span class='ocrx_word' id='word_1_58' title='bbox 1040 981 1164 1040; x_wconf 84' lang='grc' dir='ltr'><strong><em>αντὶ</em></strong></span> <span class='ocrx_word' id='word_1_59' title='bbox 1186 989 1364 1040; x_wconf 74' lang='grc' dir='ltr'><strong><em>τῶνδε</em></strong></span> <span class='ocrx_word' id='word_1_60' title='bbox 1387 990 1500 1039; x_wconf 76' lang='grc' dir='ltr'><strong><em>τῶν</em></strong></span> <span class='ocrx_word' id='word_1_61' title='bbox 1523 988 1709 1039; x_wconf 74' lang='grc' dir='ltr'><strong><em>κακῶν</em></strong></span> 
     </span>
    </p>
   </div>
   <div class='ocr_carea' id='block_1_8' title="bbox 400 1069 1673 2070">
    <p class='ocr_par' dir='ltr' id='par_1_10' title="bbox 400 1069 1605 1647">
     <span class='ocr_line' id='line_1_16' title="bbox 401 1069 1423 1169; baseline -0.001 -45"><span class='ocrx_word' id='word_1_62' title='bbox 401 1093 557 1141; x_wconf 88' lang='grc' dir='ltr'><strong><em>τιμας</em></strong></span> <span class='ocrx_word' id='word_1_63' title='bbox 580 1075 858 1169; x_wconf 64' lang='grc' dir='ltr'><strong><em>μεγίστας</em></strong></span> <span class='ocrx_word' id='word_1_64' title='bbox 862 1071 921 1124; x_wconf 82' lang='grc' dir='ltr'><strong><em>ἐν</em></strong></span> <span class='ocrx_word' id='word_1_65' title='bbox 944 1069 1101 1124; x_wconf 85' lang='grc' dir='ltr'><strong><em>πόλει</em></strong></span> <span class='ocrx_word' id='word_1_66' title='bbox 1133 1074 1423 1142; x_wconf 80' lang='grc' dir='ltr'><strong><em>Τροιζηνία</em></strong></span> 
     </span>
     <span class='ocr_line' id='line_1_17' title="bbox 402 1150 1529 1225; baseline -0.002 -15"><span class='ocrx_word' id='word_1_67' title='bbox 402 1156 587 1210; x_wconf 78' lang='grc' dir='ltr'><strong><em>δώσω·</em></strong></span> <span class='ocrx_word' id='word_1_68' title='bbox 614 1154 773 1225; x_wconf 85' lang='grc' dir='ltr'><strong><em>κόραι</em></strong></span> <span class='ocrx_word' id='word_1_69' title='bbox 796 1151 901 1223; x_wconf 77' lang='grc' dir='ltr'><strong><em>γὰρ</em></strong></span> <span class='ocrx_word' id='word_1_70' title='bbox 929 1150 1120 1223; x_wconf 70' lang='grc' dir='ltr'><strong><em>ἄζυγες</em></strong></span> <span class='ocrx_word' id='word_1_71' title='bbox 1142 1176 1333 1224; x_wconf 76' lang='grc' dir='ltr'><strong><em>γαμων</em></strong></span> <span class='ocrx_word' id='word_1_72' title='bbox 1356 1174 1529 1223; x_wconf 90' lang='grc' dir='ltr'><strong><em>παρος</em></strong></span> 
     </span>
     <span class='ocr_line' id='line_1_18' title="bbox 400 1234 1605 1310; baseline -0.002 -16"><span class='ocrx_word' id='word_1_73' title='bbox 400 1239 571 1310; x_wconf 83' lang='grc' dir='ltr'><em>κόμας</em></span> <span class='ocrx_word' id='word_1_74' title='bbox 596 1242 898 1309; x_wconf 85' lang='grc' dir='ltr'><strong><em>κεροῦνταί</em></strong></span> <span class='ocrx_word' id='word_1_75' title='bbox 914 1255 1031 1307; x_wconf 80' lang='grc' dir='ltr'><strong><em>σοι,</em></strong></span> <span class='ocrx_word' id='word_1_76' title='bbox 1061 1234 1136 1292; x_wconf 80' lang='grc' dir='ltr'><strong><em>δι’</em></strong></span> <span class='ocrx_word' id='word_1_77' title='bbox 1166 1242 1366 1301; x_wconf 77' lang='grc' dir='ltr'><strong><em>αἰῶνος</em></strong></span> <span class='ocrx_word' id='word_1_78' title='bbox 1391 1243 1605 1309; x_wconf 86' lang='grc' dir='ltr'><strong><em>μακροῦ</em></strong></span> 
     </span>
     <span class='ocr_line' id='line_1_19' title="bbox 403 1281 1531 1395; baseline -0.003 -16"><span class='ocrx_word' id='word_1_79' title='bbox 403 1325 584 1394; x_wconf 82' lang='grc' dir='ltr'><strong><em>πένθη</em></strong></span> <span class='ocrx_word' id='word_1_80' title='bbox 609 1324 836 1394; x_wconf 78' lang='grc' dir='ltr'><strong><em>μέγιστα</em></strong></span> <span class='ocrx_word' id='word_1_81' title='bbox 862 1281 1124 1392; x_wconf 81' lang='grc' dir='ltr'><strong><em>δακρύων</em></strong></span> <span class='ocrx_word' id='word_1_82' title='bbox 1147 1324 1531 1395; x_wconf 79' lang='grc' dir='ltr'><strong><em>καρπουμένῳ.</em></strong></span> 
     </span>
     <span class='ocr_line' id='line_1_20' title="bbox 401 1404 1442 1478; baseline -0.002 -15"><span class='ocrx_word' id='word_1_83' title='bbox 401 1406 486 1463; x_wconf 78' lang='grc' dir='ltr'><strong><em>ἀεὶ</em></strong></span> <span class='ocrx_word' id='word_1_84' title='bbox 512 1407 572 1463; x_wconf 75' lang='grc' dir='ltr'><strong><em>δὲ</em></strong></span> <span class='ocrx_word' id='word_1_85' title='bbox 596 1404 930 1478; x_wconf 84' lang='grc' dir='ltr'><strong><em>μουσοποιὸς</em></strong></span> <span class='ocrx_word' id='word_1_86' title='bbox 957 1412 1032 1471; x_wconf 84' lang='grc' dir='ltr'><strong><em>είς</em></strong></span> <span class='ocrx_word' id='word_1_87' title='bbox 1055 1406 1118 1462; x_wconf 75' lang='grc' dir='ltr'><strong><em>σὲ</em></strong></span> <span class='ocrx_word' id='word_1_88' title='bbox 1140 1408 1442 1478; x_wconf 85' lang='grc' dir='ltr'><strong><em>παρθένων</em></strong></span> 
     </span>
     <span class='ocr_line' id='line_1_21' title="bbox 403 1488 1526 1563; baseline -0.003 -15"><span class='ocrx_word' id='word_1_89' title='bbox 403 1499 551 1548; x_wconf 78' lang='grc' dir='ltr'><strong><em>ἐσται</em></strong></span> <span class='ocrx_word' id='word_1_90' title='bbox 575 1494 837 1563; x_wconf 81' lang='grc' dir='ltr'><strong><em>μέριμνα,</em></strong></span> <span class='ocrx_word' id='word_1_91' title='bbox 862 1488 1001 1547; x_wconf 79' lang='grc' dir='ltr'><strong><em>κούκ</em></strong></span> <span class='ocrx_word' id='word_1_92' title='bbox 1028 1488 1317 1562; x_wconf 76' lang='grc' dir='ltr'><strong><em>ανώνυμος</em></strong></span> <span class='ocrx_word' id='word_1_93' title='bbox 1341 1489 1526 1546; x_wconf 78' lang='grc' dir='ltr'><strong><em>πεσών</em></strong></span> 
     </span>
     <span class='ocr_line' id='line_1_22' title="bbox 402 1574 1452 1647; baseline -0.003 -14"><span class='ocrx_word' id='word_1_94' title='bbox 402 1584 539 1647; x_wconf 84' lang='grc' dir='ltr'><strong><em>ἔρως</em></strong></span> <span class='ocrx_word' id='word_1_95' title='bbox 566 1574 594 1632; x_wconf 85' lang='grc' dir='ltr'><em>ὃ</em></span> <span class='ocrx_word' id='word_1_96' title='bbox 620 1580 867 1647; x_wconf 80' lang='grc' dir='ltr'><strong><em>Φαίδρας</em></strong></span> <span class='ocrx_word' id='word_1_97' title='bbox 893 1581 969 1640; x_wconf 79' lang='grc' dir='ltr'><strong><em>εἰς</em></strong></span> <span class='ocrx_word' id='word_1_98' title='bbox 995 1576 1054 1631; x_wconf 92' lang='grc' dir='ltr'><strong><em>σε</em></strong></span> <span class='ocrx_word' id='word_1_99' title='bbox 1077 1575 1452 1647; x_wconf 79' lang='grc' dir='ltr'><strong><em>σιγηθήσεται.</em></strong></span> 
     </span>
    </p>

    <p class='ocr_par' dir='ltr' id='par_1_11' title="bbox 400 1659 1592 1986">
     <span class='ocr_line' id='line_1_23' title="bbox 402 1659 1581 1732; baseline -0.003 -15"><span class='ocrx_word' id='word_1_100' title='bbox 402 1660 470 1717; x_wconf 81' lang='grc' dir='ltr'><strong><em>σὺ</em></strong></span> <span class='ocrx_word' id='word_1_101' title='bbox 499 1659 571 1731; x_wconf 76' lang='grc' dir='ltr'><strong><em>δ’,</em></strong></span> <span class='ocrx_word' id='word_1_102' title='bbox 599 1662 639 1716; x_wconf 75' lang='grc' dir='ltr'><strong><em>ὦ</em></strong></span> <span class='ocrx_word' id='word_1_103' title='bbox 667 1666 894 1732; x_wconf 74' lang='grc' dir='ltr'><strong><em>γεραιοῦ</em></strong></span> <span class='ocrx_word' id='word_1_104' title='bbox 918 1663 1114 1716; x_wconf 84' lang='grc' dir='ltr'><strong><em>τέκνον</em></strong></span> <span class='ocrx_word' id='word_1_105' title='bbox 1137 1662 1377 1731; x_wconf 72' lang='grc' dir='ltr'><strong><em>Αἰγέως,</em></strong></span> <span class='ocrx_word' id='word_1_106' title='bbox 1405 1663 1581 1730; x_wconf 81' lang='grc' dir='ltr'><strong><em>λαβοῦ</em></strong></span> 
     </span>
     <span class='ocr_line' id='line_1_24' title="bbox 400 1705 1618 1815; baseline -0.003 -13"><span class='ocrx_word' id='word_1_107' title='bbox 400 1745 500 1801; x_wconf 85' lang='grc' dir='ltr'><strong><em>σὸν</em></strong></span> <span class='ocrx_word' id='word_1_108' title='bbox 524 1705 677 1802; x_wconf 55' lang='lat' dir='ltr'><strong><em>az&#39;affl&#39;</em></strong></span> <span class='ocrx_word' id='word_1_109' title='bbox 707 1749 767 1800; x_wconf 87' lang='grc' dir='ltr'><strong><em>ἐν</em></strong></span> <span class='ocrx_word' id='word_1_110' title='bbox 792 1742 1081 1815; x_wconf 82' lang='grc' dir='ltr'><strong><em>ἆγκαλαισι</em></strong></span> <span class='ocrx_word' id='word_1_111' title='bbox 1106 1747 1197 1800; x_wconf 83' lang='grc' dir='ltr'><strong><em>καὶ</em></strong></span> <span class='ocrx_word' id='word_1_112' title='bbox 1221 1747 1618 1815; x_wconf 82' lang='grc' dir='ltr'><strong><em>προσέλκυσαι·</em></strong></span> 
     </span>
     <span class='ocr_line' id='line_1_25' title="bbox 402 1826 1517 1902; baseline -0.002 -16"><span class='ocrx_word' id='word_1_113' title='bbox 402 1828 552 1886; x_wconf 69' lang='grc' dir='ltr'><strong><em>ἄκων</em></strong></span> <span class='ocrx_word' id='word_1_114' title='bbox 575 1829 679 1902; x_wconf 72' lang='grc' dir='ltr'><strong><em>γὰρ</em></strong></span> <span class='ocrx_word' id='word_1_115' title='bbox 708 1827 913 1894; x_wconf 72' lang='grc' dir='ltr'><strong><em>ὤλεσας</em></strong></span> <span class='ocrx_word' id='word_1_116' title='bbox 936 1848 1053 1885; x_wconf 91' lang='grc' dir='ltr'><strong><em>νιν·</em></strong></span> <span class='ocrx_word' id='word_1_117' title='bbox 1082 1826 1429 1901; x_wconf 72' lang='grc' dir='ltr'><strong><em>ἀνθρώποισι</em></strong></span> <span class='ocrx_word' id='word_1_118' title='bbox 1455 1829 1517 1884; x_wconf 77' lang='grc' dir='ltr'><strong><em>δὲ</em></strong></span> 
     </span>
     <span class='ocr_line' id='line_1_26' title="bbox 403 1913 1454 1986; baseline -0.003 -15"><span class='ocrx_word' id='word_1_119' title='bbox 403 1921 556 1971; x_wconf 77' lang='grc' dir='ltr'><strong><em>θεῶν</em></strong></span> <span class='ocrx_word' id='word_1_120' title='bbox 582 1914 855 1970; x_wconf 85' lang='grc' dir='ltr'><strong><em>διδόντων</em></strong></span> <span class='ocrx_word' id='word_1_121' title='bbox 881 1913 1025 1979; x_wconf 81' lang='grc' dir='ltr'><strong><em>εἰκὸς</em></strong></span> <span class='ocrx_word' id='word_1_122' title='bbox 1050 1913 1454 1986; x_wconf 80' lang='grc' dir='ltr'><strong><em>ἐξαμαρτάνειν.</em></strong></span> 
     </span>
    </p>

    <p class='ocr_par' dir='ltr' id='par_1_12' title="bbox 405 1998 1673 2070">
     <span class='ocr_line' id='line_1_27' title="bbox 405 1998 1673 2070; baseline -0.002 -16"><span class='ocrx_word' id='word_1_123' title='bbox 405 2002 495 2055; x_wconf 78' lang='grc' dir='ltr'><strong><em>καὶ</em></strong></span> <span class='ocrx_word' id='word_1_124' title='bbox 523 2002 612 2055; x_wconf 83' lang='grc' dir='ltr'><strong><em>σοὶ</em></strong></span> <span class='ocrx_word' id='word_1_125' title='bbox 635 2004 886 2069; x_wconf 74' lang='grc' dir='ltr'><strong><em>παραινῶ</em></strong></span> <span class='ocrx_word' id='word_1_126' title='bbox 912 2001 1117 2070; x_wconf 85' lang='grc' dir='ltr'><strong><em>πατέρα</em></strong></span> <span class='ocrx_word' id='word_1_127' title='bbox 1144 1998 1215 2070; x_wconf 88' lang='grc' dir='ltr'><strong><em>μὴ</em></strong></span> <span class='ocrx_word' id='word_1_128' title='bbox 1241 2011 1464 2069; x_wconf 75' lang='grc' dir='ltr'><strong><em>στυγεῖν</em></strong></span> <span class='ocrx_word' id='word_1_129' title='bbox 1488 1999 1673 2068; x_wconf 77' lang='grc' dir='ltr'><strong><em>σέθεν,</em></strong></span> 
     </span>
    </p>
   </div>
   <div class='ocr_carea' id='block_1_9' title="bbox 397 2075 1634 2154">
    <p class='ocr_par' dir='ltr' id='par_1_13' title="bbox 397 2075 1634 2154">
     <span class='ocr_line' id='line_1_28' title="bbox 397 2075 1634 2154; baseline -0.002 -15"><span class='ocrx_word' id='word_1_130' title='bbox 397 2081 671 2139; x_wconf 86' lang='grc' dir='ltr'><strong><em>Ἱππόλυτ’</em></strong></span> <span class='ocrx_word' id='word_1_131' title='bbox 691 2101 701 2112; x_wconf 87' lang='lat'><strong>·</strong></span> <span class='ocrx_word' id='word_1_132' title='bbox 736 2089 873 2153; x_wconf 82' lang='grc' dir='ltr'><strong><em>ἔχεις</em></strong></span> <span class='ocrx_word' id='word_1_133' title='bbox 896 2082 1000 2154; x_wconf 78' lang='grc' dir='ltr'><strong><em>γὰρ</em></strong></span> <span class='ocrx_word' id='word_1_134' title='bbox 1025 2096 1226 2153; x_wconf 79' lang='grc' dir='ltr'><strong><em>μοῖραν</em></strong></span> <span class='ocrx_word' id='word_1_135' title='bbox 1250 2075 1286 2154; x_wconf 80' lang='grc' dir='ltr'><em>ᾗ</em></span> <span class='ocrx_word' id='word_1_136' title='bbox 1310 2082 1634 2153; x_wconf 77' lang='grc' dir='ltr'><strong><em>διεφθάρης.</em></strong></span> 
     </span>
    </p>
   </div>
   <div class='ocr_carea' id='block_1_10' title="bbox 403 2164 1669 2239">
    <p class='ocr_par' dir='ltr' id='par_1_14' title="bbox 403 2164 1669 2239">
     <span class='ocr_line' id='line_1_29' title="bbox 403 2164 1669 2239; baseline -0.002 -16"><span class='ocrx_word' id='word_1_137' title='bbox 403 2171 495 2224; x_wconf 78' lang='grc' dir='ltr'><strong><em>καὶ</em></strong></span> <span class='ocrx_word' id='word_1_138' title='bbox 517 2166 661 2239; x_wconf 81' lang='grc' dir='ltr'><strong><em>χαῖρ’</em></strong></span> <span class='ocrx_word' id='word_1_139' title='bbox 681 2185 693 2197; x_wconf 86' lang='grc'><em>·</em></span> <span class='ocrx_word' id='word_1_140' title='bbox 721 2169 841 2239; x_wconf 83' lang='grc' dir='ltr'><strong><em>ἐμοὶ</em></strong></span> <span class='ocrx_word' id='word_1_141' title='bbox 863 2166 968 2238; x_wconf 73' lang='grc' dir='ltr'><strong><em>γὰρ</em></strong></span> <span class='ocrx_word' id='word_1_142' title='bbox 992 2164 1059 2222; x_wconf 82' lang='grc' dir='ltr'><strong><em>οῦ</em></strong></span> <span class='ocrx_word' id='word_1_143' title='bbox 1083 2170 1243 2238; x_wconf 82' lang='grc' dir='ltr'><strong><em>θέμις</em></strong></span> <span class='ocrx_word' id='word_1_144' title='bbox 1269 2165 1508 2237; x_wconf 81' lang='grc' dir='ltr'><strong><em>φθιτοῦς</em></strong></span> <span class='ocrx_word' id='word_1_145' title='bbox 1532 2165 1669 2238; x_wconf 78' lang='grc' dir='ltr'><strong><em>ὁρᾶν</em></strong></span> 
     </span>
    </p>
   </div>
   <div class='ocr_carea' id='block_1_11' title="bbox 406 2249 1699 2324">
    <p class='ocr_par' dir='ltr' id='par_1_15' title="bbox 406 2249 1699 2324">
     <span class='ocr_line' id='line_1_30' title="bbox 406 2249 1699 2324; baseline -0.002 -16"><span class='ocrx_word' id='word_1_146' title='bbox 406 2249 530 2308; x_wconf 80' lang='grc' dir='ltr'><strong><em>οὐδ’</em></strong></span> <span class='ocrx_word' id='word_1_147' title='bbox 559 2250 706 2324; x_wconf 80' lang='grc' dir='ltr'><strong><em>ὅμμα</em></strong></span> <span class='ocrx_word' id='word_1_148' title='bbox 726 2258 974 2323; x_wconf 89' lang='grc' dir='ltr'><strong><em>χραίνειν</em></strong></span> <span class='ocrx_word' id='word_1_149' title='bbox 1001 2258 1394 2323; x_wconf 89' lang='grc' dir='ltr'><strong><em>θανασίμοισιν</em></strong></span> <span class='ocrx_word' id='word_1_150' title='bbox 1419 2255 1699 2317; x_wconf 84' lang='grc' dir='ltr'><strong><em>ἐκπνοαῖς·</em></strong></span> 
     </span>
    </p>
   </div>
   <div class='ocr_carea' id='block_1_12' title="bbox 404 2334 1635 2830">
    <p class='ocr_par' dir='ltr' id='par_1_16' title="bbox 404 2334 1590 2579">
     <span class='ocr_line' id='line_1_31' title="bbox 407 2334 1477 2408; baseline -0.002 -16"><span class='ocrx_word' id='word_1_151' title='bbox 407 2334 517 2405; x_wconf 78' lang='grc' dir='ltr'><strong><em>ὁρῶ</em></strong></span> <span class='ocrx_word' id='word_1_152' title='bbox 543 2340 607 2392; x_wconf 88' lang='grc' dir='ltr'><strong><em>δέ</em></strong></span> <span class='ocrx_word' id='word_1_153' title='bbox 627 2334 680 2392; x_wconf 84' lang='grc' dir='ltr'><strong><em>σ’</em></strong></span> <span class='ocrx_word' id='word_1_154' title='bbox 710 2334 817 2408; x_wconf 75' lang='grc' dir='ltr'><strong><em>ἤδη</em></strong></span> <span class='ocrx_word' id='word_1_155' title='bbox 843 2340 1005 2392; x_wconf 88' lang='grc' dir='ltr'><strong><em>τοῦδε</em></strong></span> <span class='ocrx_word' id='word_1_156' title='bbox 1029 2343 1261 2407; x_wconf 87' lang='grc' dir='ltr'><strong><em>πλησίον</em></strong></span> <span class='ocrx_word' id='word_1_157' title='bbox 1286 2342 1477 2392; x_wconf 79' lang='grc' dir='ltr'><strong><em>κακοῦ.</em></strong></span> 
     </span>
     <span class='ocr_line' id='line_1_32' title="bbox 404 2417 1590 2493; baseline -0.001 -17"><span class='ocrx_word' id='word_1_158' title='bbox 404 2427 671 2493; x_wconf 87' lang='grc' dir='ltr'><strong><em>χαίρουσα</em></strong></span> <span class='ocrx_word' id='word_1_159' title='bbox 695 2423 787 2476; x_wconf 82' lang='grc' dir='ltr'><strong><em>καὶ</em></strong></span> <span class='ocrx_word' id='word_1_160' title='bbox 814 2420 883 2477; x_wconf 86' lang='grc' dir='ltr'><strong><em>σὺ</em></strong></span> <span class='ocrx_word' id='word_1_161' title='bbox 907 2433 1111 2491; x_wconf 76' lang='grc' dir='ltr'><strong><em>στεῖχε,</em></strong></span> <span class='ocrx_word' id='word_1_162' title='bbox 1136 2418 1372 2491; x_wconf 85' lang='grc' dir='ltr'><strong><em>παρθέν’</em></strong></span> <span class='ocrx_word' id='word_1_163' title='bbox 1403 2417 1562 2492; x_wconf 86' lang='grc' dir='ltr'><strong><em>ὀλβία</em></strong></span> <span class='ocrx_word' id='word_1_164' title='bbox 1578 2439 1590 2449; x_wconf 93' lang='grc'><em>·</em></span> 
     </span>
     <span class='ocr_line' id='line_1_33' title="bbox 404 2503 1423 2579; baseline -0.002 -19"><span class='ocrx_word' id='word_1_165' title='bbox 404 2504 620 2577; x_wconf 78' lang='grc' dir='ltr'><strong><em>μακρὰν</em></strong></span> <span class='ocrx_word' id='word_1_166' title='bbox 646 2506 706 2560; x_wconf 74' lang='grc' dir='ltr'><strong><em>δὲ</em></strong></span> <span class='ocrx_word' id='word_1_167' title='bbox 729 2512 930 2569; x_wconf 86' lang='grc' dir='ltr'><strong><em>λείπεις</em></strong></span> <span class='ocrx_word' id='word_1_168' title='bbox 962 2508 1163 2579; x_wconf 78' lang='grc' dir='ltr'><strong><em>ῥᾳδίως</em></strong></span> <span class='ocrx_word' id='word_1_169' title='bbox 1187 2503 1423 2576; x_wconf 83' lang='grc' dir='ltr'><strong><em>ὁμιλίαν.</em></strong></span> 
     </span>
    </p>

    <p class='ocr_par' dir='ltr' id='par_1_17' title="bbox 405 2590 1635 2830">
     <span class='ocr_line' id='line_1_34' title="bbox 406 2590 1532 2662; baseline -0.001 -16"><span class='ocrx_word' id='word_1_170' title='bbox 406 2591 522 2646; x_wconf 84' lang='grc' dir='ltr'><strong><em>λύω</em></strong></span> <span class='ocrx_word' id='word_1_171' title='bbox 547 2591 609 2646; x_wconf 74' lang='grc' dir='ltr'><strong><em>δὲ</em></strong></span> <span class='ocrx_word' id='word_1_172' title='bbox 631 2602 814 2656; x_wconf 82' lang='grc' dir='ltr'><strong><em>νεῖκος</em></strong></span> <span class='ocrx_word' id='word_1_173' title='bbox 836 2591 1002 2659; x_wconf 85' lang='grc' dir='ltr'><strong><em>πατρὶ</em></strong></span> <span class='ocrx_word' id='word_1_174' title='bbox 1022 2590 1322 2662; x_wconf 82' lang='grc' dir='ltr'><strong><em>χρῃζούσης</em></strong></span> <span class='ocrx_word' id='word_1_175' title='bbox 1338 2592 1506 2645; x_wconf 88' lang='grc' dir='ltr'><strong><em>σέθεν</em></strong></span> <span class='ocrx_word' id='word_1_176' title='bbox 1522 2608 1532 2617; x_wconf 93' lang='grc'><em>·</em></span> 
     </span>
     <span class='ocr_line' id='line_1_35' title="bbox 405 2674 1577 2746; baseline -0.001 -16"><span class='ocrx_word' id='word_1_177' title='bbox 405 2677 499 2731; x_wconf 83' lang='grc' dir='ltr'><strong><em>καὶ</em></strong></span> <span class='ocrx_word' id='word_1_178' title='bbox 526 2675 630 2746; x_wconf 80' lang='grc' dir='ltr'><strong><em>γὰρ</em></strong></span> <span class='ocrx_word' id='word_1_179' title='bbox 656 2675 893 2745; x_wconf 74' lang='grc' dir='ltr'><strong><em>πάρονθε</em></strong></span> <span class='ocrx_word' id='word_1_180' title='bbox 915 2687 1030 2739; x_wconf 83' lang='grc' dir='ltr'><strong><em>σοῖς</em></strong></span> <span class='ocrx_word' id='word_1_181' title='bbox 1053 2674 1355 2745; x_wconf 86' lang='grc' dir='ltr'><strong><em>ἐπειθόμην</em></strong></span> <span class='ocrx_word' id='word_1_182' title='bbox 1379 2674 1577 2745; x_wconf 83' lang='grc' dir='ltr'><strong><em>λόγοις.</em></strong></span> 
     </span>
     <span class='ocr_line' id='line_1_36' title="bbox 409 2756 1635 2830; baseline -0.002 -16"><span class='ocrx_word' id='word_1_183' title='bbox 409 2764 550 2828; x_wconf 78' lang='grc' dir='ltr'><strong><em>αἰαῖ,</em></strong></span> <span class='ocrx_word' id='word_1_184' title='bbox 576 2757 695 2814; x_wconf 82' lang='grc' dir='ltr'><strong><em>κατ’</em></strong></span> <span class='ocrx_word' id='word_1_185' title='bbox 724 2756 910 2814; x_wconf 80' lang='grc' dir='ltr'><strong><em>ὅσσων</em></strong></span> <span class='ocrx_word' id='word_1_186' title='bbox 934 2758 1178 2830; x_wconf 77' lang='grc' dir='ltr'><strong><em>κιγχάνει</em></strong></span> <span class='ocrx_word' id='word_1_187' title='bbox 1202 2756 1260 2829; x_wconf 81' lang='grc' dir='ltr'><strong><em>μ’</em></strong></span> <span class='ocrx_word' id='word_1_188' title='bbox 1289 2756 1394 2829; x_wconf 75' lang='grc' dir='ltr'><strong><em>ἤδη</em></strong></span> <span class='ocrx_word' id='word_1_189' title='bbox 1418 2758 1635 2822; x_wconf 86' lang='grc' dir='ltr'><strong><em>σκότος·</em></strong></span> 
     </span>
    </p>
   </div>
   <div class='ocr_carea' id='block_1_13' title="bbox 410 2843 1676 2915">
    <p class='ocr_par' dir='ltr' id='par_1_18' title="bbox 410 2843 1676 2915">
     <span class='ocr_line' id='line_1_37' title="bbox 410 2843 1676 2915; baseline -0.001 -17"><span class='ocrx_word' id='word_1_190' title='bbox 410 2848 607 2914; x_wconf 81' lang='grc' dir='ltr'><strong><em>λαβοῦ,</em></strong></span> <span class='ocrx_word' id='word_1_191' title='bbox 635 2843 804 2915; x_wconf 81' lang='grc' dir='ltr'><strong><em>πάτερ</em></strong></span> <span class='ocrx_word' id='word_1_192' title='bbox 820 2886 834 2914; x_wconf 87' lang='lat'>,</span> <span class='ocrx_word' id='word_1_193' title='bbox 861 2866 966 2913; x_wconf 92' lang='grc' dir='ltr'><strong><em>μου</em></strong></span> <span class='ocrx_word' id='word_1_194' title='bbox 991 2844 1083 2898; x_wconf 80' lang='grc' dir='ltr'><strong><em>καὶ</em></strong></span> <span class='ocrx_word' id='word_1_195' title='bbox 1107 2843 1469 2910; x_wconf 81' lang='grc' dir='ltr'><strong><em>κατόρθωσον</em></strong></span> <span class='ocrx_word' id='word_1_196' title='bbox 1495 2843 1676 2914; x_wconf 84' lang='grc' dir='ltr'><strong><em>δέμας.</em></strong></span> 
     </span>
    </p>
   </div>
   <div class='ocr_carea' id='block_1_14' title="bbox 1761 323 1864 367">
    <p class='ocr_par' dir='ltr' id='par_1_19' title="bbox 1761 323 1864 367">
     <span class='ocr_line' id='line_1_38' title="bbox 1761 323 1864 367; baseline 0.019 -2"><span class='ocrx_word' id='word_1_197' title='bbox 1761 323 1864 367; x_wconf 76' lang='lat'>1415</span> 
     </span>
    </p>
   </div>
   <div class='ocr_carea' id='block_1_15' title="bbox 1762 744 1869 786">
    <p class='ocr_par' dir='ltr' id='par_1_20' title="bbox 1762 744 1869 786">
     <span class='ocr_line' id='line_1_39' title="bbox 1762 744 1869 786; baseline -0.009 0"><span class='ocrx_word' id='word_1_198' title='bbox 1762 744 1869 786; x_wconf 76' lang='lat'>1420</span> 
     </span>
    </p>
   </div>
   <div class='ocr_carea' id='block_1_16' title="bbox 1763 1166 1869 1208">
    <p class='ocr_par' dir='ltr' id='par_1_21' title="bbox 1763 1166 1869 1208">
     <span class='ocr_line' id='line_1_40' title="bbox 1763 1166 1869 1208; baseline 0 0"><span class='ocrx_word' id='word_1_199' title='bbox 1763 1166 1869 1208; x_wconf 69' lang='lat'>1425</span> 
     </span>
    </p>
   </div>
   <div class='ocr_carea' id='block_1_17' title="bbox 1761 1589 1870 1631">
    <p class='ocr_par' dir='ltr' id='par_1_22' title="bbox 1761 1589 1870 1631">
     <span class='ocr_line' id='line_1_41' title="bbox 1761 1589 1870 1631; baseline -0.009 0"><span class='ocrx_word' id='word_1_200' title='bbox 1761 1589 1870 1631; x_wconf 80' lang='lat'><strong>1430</strong></span> 
     </span>
    </p>
   </div>
   <div class='ocr_carea' id='block_1_18' title="bbox 1764 2010 1869 2053">
    <p class='ocr_par' dir='ltr' id='par_1_23' title="bbox 1764 2010 1869 2053">
     <span class='ocr_line' id='line_1_42' title="bbox 1764 2010 1869 2053; baseline -0.01 -1"><span class='ocrx_word' id='word_1_201' title='bbox 1764 2010 1869 2053; x_wconf 83' lang='lat'>1435</span> 
     </span>
    </p>
   </div>
   <div class='ocr_carea' id='block_1_19' title="bbox 1764 2432 1873 2475">
    <p class='ocr_par' dir='ltr' id='par_1_24' title="bbox 1764 2432 1873 2475">
     <span class='ocr_line' id='line_1_43' title="bbox 1764 2432 1873 2475; baseline -0.018 0"><span class='ocrx_word' id='word_1_202' title='bbox 1764 2432 1873 2475; x_wconf 78' lang='lat'>1440</span> 
     </span>
    </p>
   </div>
   <div class='ocr_carea' id='block_1_20' title="bbox 1762 2853 1873 2897">
    <p class='ocr_par' dir='ltr' id='par_1_25' title="bbox 1762 2853 1873 2897">
     <span class='ocr_line' id='line_1_44' title="bbox 1762 2853 1873 2897; baseline -0.018 0"><span class='ocrx_word' id='word_1_203' title='bbox 1762 2853 1873 2897; x_wconf 60' lang='lat'>144⁵</span> 
     </span>
    </p>
   </div>
  </div>
 </body>
</html>
