2022 3126
521 98 860 145 ΗΡΑΚΛΗΣ
892 101 1393 148 ΜΑΙΝΟΜΕΝΟΣ

319 243 548 293 Πυθίου
573 241 841 307 δενδρῶτι
866 240 1034 307 πέτρα

318 327 569 376 Μουσῶν
591 318 651 375 θ’
673 318 1076 376 Ἑλικωνιάδων
1104 323 1341 393 δώματα.

320 400 454 474 ’ἥξετ’
486 401 716 475 εὐγαθεῖ
739 405 952 479 κελάδῳ

321 487 457 558 ἐμὰν
480 488 642 544 πόλιν
668 489 768 559 ε’μά
790 512 848 544 τε
871 495 1036 561 τείχη,

319 578 594 644 Σπαρτῶν
619 577 710 628 ἵνα
733 575 890 644 γένος
918 575 1112 645 ἐφάνη,

321 661 711 725 χαλκασπίδων
735 657 919 727 λόχος,
947 655 1006 723 ὃς
1028 665 1133 729 γᾶν

319 742 527 795 τέκνων
554 743 764 807 τέκνοις
789 749 1119 813 μεταμείβει,

320 825 525 895 Θήβαις
551 824 703 895 ἱερὸν
727 832 861 897 φῶς.

318 901 361 962 ὦ
386 911 629 979 λέκτρων
654 910 755 965 δύο
779 924 1065 981 συγγενεῖς

319 990 504 1063 εὐναί,
529 1000 906 1065 θνατογενοῦς
928 1018 985 1050 τε
1009 996 1101 1050 καὶ

314 1077 480 1146 Διός,
506 1073 564 1141 ὂς
584 1070 762 1149 ἦλθεν
786 1081 839 1143 ἐς
870 1077 1035 1144 εὐνὰς

315 1161 560 1231 Νύμφας
583 1168 677 1227 τᾶς
699 1168 1010 1233 Περσηίδος
1025 1183 1035 1192 ·
1066 1161 1137 1228 ὥς

315 1245 509 1301 πιστόν
534 1269 625 1317 μοι
648 1246 708 1301 τὸ
736 1247 973 1303 παλαιὸν
1004 1246 1070 1319 ἤ-

314 1336 381 1401 δη
407 1332 583 1401 λέχος,
611 1324 654 1385 ὦ
679 1337 817 1401 Ζεῦ,
844 1331 904 1387 τὸ
932 1332 1032 1388 σὸν
1058 1329 1160 1387 οὐκ

316 1410 392 1469 ἐπ’
423 1417 602 1469 ἐλπίδι
629 1416 839 1486 φάνθη,

312 1497 568 1570 λαμπρὰν
595 1497 645 1554 δ’
676 1497 837 1567 ἔδειξ’
867 1497 895 1556 ὁ
925 1501 1120 1572 χρόνος

314 1581 414 1637 τάν
430 1581 722 1653 Ἡρακλέος
752 1582 948 1639 ἀλκάν·

312 1663 371 1731 ὃς
395 1673 493 1737 γᾶς
522 1670 677 1739 ἐξέβα
704 1669 992 1739 θαλάμων,

310 1751 644 1817 Πλούτωνος
672 1758 826 1824 δῶμα
853 1752 1031 1809 λιπων
1056 1759 1334 1827 νέρτερον.

311 1842 585 1906 κρείσσων
608 1860 700 1907 μοι
723 1836 996 1910 τύραννος
1027 1844 1167 1910 ἔφυς

310 1915 346 1990 ἦ
371 1919 639 1992 δυσγένει’
669 1919 948 1978 ἀνάκτων·

312 2001 346 2058 ἃ
368 2010 476 2060 νῦν
502 2009 701 2078 ἐσορᾶν
729 2013 916 2077 φαίνει

309 2090 636 2160 ξιφηφόρων
661 2094 713 2156 ἐς
737 2088 972 2162 ἀγώνων

309 2170 572 2244 ἅμιλλαν,
603 2181 652 2230 εἰ
672 2174 732 2231 τὸ
760 2181 978 2232 δίκαιον

311 2266 464 2322 θεοῖς
489 2255 554 2313 ἔτ’
584 2257 817 2329 ἀρέσκει.

311 2347 372 2397 ἔα
398 2348 484 2398 ἔα·

308 2419 388 2497 ἆρ’
419 2433 496 2492 εἰς
520 2427 617 2483 τὸν
643 2426 816 2484 αὐτὸν
840 2436 1071 2486 πίτυλον
1090 2427 1298 2501 ἥκομεν
1323 2429 1523 2502 φόβου,

311 2513 581 2583 γέροντες,
609 2509 727 2569 οἷον
753 2512 915 2585 φάσμ’
945 2513 1086 2586 ὑπὲρ
1115 2514 1303 2585 δόμων
1327 2513 1469 2587 ὁρῶς

312 2602 464 2667 φυγῇ
489 2604 641 2669 φυγῇ

306 2681 488 2745 νωθὲς
512 2683 739 2754 πέδαιρε
766 2689 965 2753 κῶλον,
993 2682 1245 2740 ἐκποδῶν
1272 2690 1383 2740 ἔλα.

308 2756 451 2830 ὦναξ
482 2766 682 2836 Παιάν,

307 2844 613 2918 ἀπότροπος
636 2852 820 2920 γένοιό
842 2875 936 2923 μοι
961 2851 1240 2923 πημάτων.

1685 99 1784 149 349

1703 254 1786 300 790

1702 671 1784 718 795

1579 908 1696 967 ἀντ.

1696 1515 1781 1560 805

1695 1938 1778 1982 810

1695 2359 1776 2402 815
