<?xml version="1.0" encoding="UTF-8"?>
<!DOCTYPE html PUBLIC "-//W3C//DTD XHTML 1.0 Transitional//EN"
    "http://www.w3.org/TR/xhtml1/DTD/xhtml1-transitional.dtd">
<html xmlns="http://www.w3.org/1999/xhtml" xml:lang="en" lang="en">
 <head>
  <title>
</title>
<meta http-equiv="Content-Type" content="text/html;charset=utf-8" />
  <meta name='ocr-system' content='tesseract 3.04.00' />
  <meta name='ocr-capabilities' content='ocr_page ocr_carea ocr_par ocr_line ocrx_word'/>
</head>
<body>
  <div class='ocr_page' id='page_1' title='image "./euripidistragoe01euriuoft_0528.png"; bbox 0 0 2022 3126; ppageno 0'>
   <div class='ocr_carea' id='block_1_1' title="bbox 214 103 311 152">
    <p class='ocr_par' dir='ltr' id='par_1_1' title="bbox 214 103 311 152">
     <span class='ocr_line' id='line_1_1' title="bbox 214 103 311 152; baseline -0.021 0"><span class='ocrx_word' id='word_1_1' title='bbox 214 103 311 152; x_wconf 65' lang='lat'><strong><em>428</em></strong></span> 
     </span>
    </p>
   </div>
   <div class='ocr_carea' id='block_1_2' title="bbox 849 104 1268 150">
    <p class='ocr_par' dir='ltr' id='par_1_2' title="bbox 849 104 1268 150">
     <span class='ocr_line' id='line_1_2' title="bbox 849 104 1268 150; baseline -0.002 -1"><span class='ocrx_word' id='word_1_2' title='bbox 849 104 1268 150; x_wconf 81' lang='grc' dir='ltr'><em>ΙΠΠΟΛΥΤΟΣ</em></span> 
     </span>
    </p>
   </div>
   <div class='ocr_carea' id='block_1_3' title="bbox 394 240 1884 2848">
    <p class='ocr_par' dir='ltr' id='par_1_3' title="bbox 402 240 1884 483">
     <span class='ocr_line' id='line_1_3' title="bbox 402 240 1884 314; baseline -0.003 -16"><span class='ocrx_word' id='word_1_3' title='bbox 402 250 588 313; x_wconf 83' lang='grc' dir='ltr'><strong><em>τρίτον</em></strong></span> <span class='ocrx_word' id='word_1_4' title='bbox 615 240 680 313; x_wconf 83' lang='grc' dir='ltr'><strong><em>δ’,</em></strong></span> <span class='ocrx_word' id='word_1_5' title='bbox 707 242 895 314; x_wconf 84' lang='grc' dir='ltr'><strong><em>ἐπειδὴ</em></strong></span> <span class='ocrx_word' id='word_1_6' title='bbox 921 240 1118 298; x_wconf 85' lang='grc' dir='ltr'><strong><em>τοισίδ’</em></strong></span> <span class='ocrx_word' id='word_1_7' title='bbox 1148 240 1249 297; x_wconf 81' lang='grc' dir='ltr'><strong><em>οὐκ</em></strong></span> <span class='ocrx_word' id='word_1_8' title='bbox 1277 243 1539 314; x_wconf 78' lang='grc' dir='ltr'><strong><em>ἐξήνυτον</em></strong></span> <span class='ocrx_word' id='word_1_9' title='bbox 1796 253 1884 295; x_wconf 85' lang='lat'><strong><em>400</em></strong></span> 
     </span>
     <span class='ocr_line' id='line_1_4' title="bbox 403 327 1565 398; baseline 0 -15"><span class='ocrx_word' id='word_1_10' title='bbox 403 327 629 398; x_wconf 89' lang='grc' dir='ltr'><strong><em>Κύπριν</em></strong></span> <span class='ocrx_word' id='word_1_11' title='bbox 653 333 946 398; x_wconf 85' lang='grc' dir='ltr'><strong><em>κρατῆσαι,</em></strong></span> <span class='ocrx_word' id='word_1_12' title='bbox 970 335 1275 382; x_wconf 78' lang='grc' dir='ltr'><strong><em>κατθανεῖν</em></strong></span> <span class='ocrx_word' id='word_1_13' title='bbox 1300 330 1455 394; x_wconf 79' lang='grc' dir='ltr'><strong><em>ἔδοξέ</em></strong></span> <span class='ocrx_word' id='word_1_14' title='bbox 1473 352 1565 398; x_wconf 91' lang='grc' dir='ltr'><strong><em>μοι</em></strong></span> 
     </span>
     <span class='ocr_line' id='line_1_5' title="bbox 402 409 1657 483; baseline -0.002 -17"><span class='ocrx_word' id='word_1_15' title='bbox 402 411 718 483; x_wconf 79' lang='grc' dir='ltr'><strong><em>κράτιστον,</em></strong></span> <span class='ocrx_word' id='word_1_16' title='bbox 749 409 934 476; x_wconf 81' lang='grc' dir='ltr'><strong><em>οὐδεὶς</em></strong></span> <span class='ocrx_word' id='word_1_17' title='bbox 960 409 1211 483; x_wconf 78' lang='grc' dir='ltr'><strong><em>ἀντερεῖ,</em></strong></span> <span class='ocrx_word' id='word_1_18' title='bbox 1243 415 1657 483; x_wconf 79' lang='grc' dir='ltr'><strong><em>βουλευμάτων.</em></strong></span> 
     </span>
    </p>

    <p class='ocr_par' dir='ltr' id='par_1_4' title="bbox 401 494 1413 567">
     <span class='ocr_line' id='line_1_6' title="bbox 401 494 1413 567; baseline 0 -17"><span class='ocrx_word' id='word_1_19' title='bbox 401 497 519 567; x_wconf 83' lang='grc' dir='ltr'><strong><em>ἐμοὶ</em></strong></span> <span class='ocrx_word' id='word_1_20' title='bbox 543 494 646 566; x_wconf 79' lang='grc' dir='ltr'><strong><em>γὰρ</em></strong></span> <span class='ocrx_word' id='word_1_21' title='bbox 674 503 756 566; x_wconf 82' lang='grc' dir='ltr'><strong><em>εἴη</em></strong></span> <span class='ocrx_word' id='word_1_22' title='bbox 782 496 915 566; x_wconf 84' lang='grc' dir='ltr'><strong><em>μήτε</em></strong></span> <span class='ocrx_word' id='word_1_23' title='bbox 938 496 1244 551; x_wconf 80' lang='grc' dir='ltr'><strong><em>λανθάνειν</em></strong></span> <span class='ocrx_word' id='word_1_24' title='bbox 1273 496 1413 551; x_wconf 81' lang='grc' dir='ltr'><strong><em>καλὰ</em></strong></span> 
     </span>
    </p>

    <p class='ocr_par' dir='ltr' id='par_1_5' title="bbox 401 577 1721 653">
     <span class='ocr_line' id='line_1_7' title="bbox 401 577 1721 653; baseline 0.002 -19"><span class='ocrx_word' id='word_1_25' title='bbox 401 577 527 651; x_wconf 84' lang='grc' dir='ltr'><strong><em>μήτ’</em></strong></span> <span class='ocrx_word' id='word_1_26' title='bbox 558 579 752 650; x_wconf 76' lang='grc' dir='ltr'><strong><em>αἰσχρὰ</em></strong></span> <span class='ocrx_word' id='word_1_27' title='bbox 779 579 965 653; x_wconf 75' lang='grc' dir='ltr'><strong><em>δρώσῃ</em></strong></span> <span class='ocrx_word' id='word_1_28' title='bbox 989 579 1270 651; x_wconf 89' lang='grc' dir='ltr'><strong><em>μάρτυρας</em></strong></span> <span class='ocrx_word' id='word_1_29' title='bbox 1297 580 1534 645; x_wconf 80' lang='grc' dir='ltr'><strong><em>πολλοὺς</em></strong></span> <span class='ocrx_word' id='word_1_30' title='bbox 1561 587 1721 651; x_wconf 82' lang='grc' dir='ltr'><strong><em>ἔχειν.</em></strong></span> 
     </span>
    </p>

    <p class='ocr_par' dir='ltr' id='par_1_6' title="bbox 400 661 1883 904">
     <span class='ocr_line' id='line_1_8' title="bbox 401 661 1883 736; baseline 0.001 -17"><span class='ocrx_word' id='word_1_31' title='bbox 401 664 459 719; x_wconf 87' lang='grc' dir='ltr'>τό</span> <span class='ocrx_word' id='word_1_32' title='bbox 489 662 540 719; x_wconf 85' lang='grc' dir='ltr'><strong><em>δ’</em></strong></span> <span class='ocrx_word' id='word_1_33' title='bbox 572 671 737 735; x_wconf 83' lang='grc' dir='ltr'><strong><em>ἔργον</em></strong></span> <span class='ocrx_word' id='word_1_34' title='bbox 760 661 867 736; x_wconf 77' lang='grc' dir='ltr'><strong><em>ᾔδη</em></strong></span> <span class='ocrx_word' id='word_1_35' title='bbox 892 663 993 735; x_wconf 86' lang='grc' dir='ltr'><strong><em>τὴν</em></strong></span> <span class='ocrx_word' id='word_1_36' title='bbox 1017 665 1183 720; x_wconf 86' lang='grc' dir='ltr'><strong><em>νόσον</em></strong></span> <span class='ocrx_word' id='word_1_37' title='bbox 1206 687 1264 720; x_wconf 92' lang='grc' dir='ltr'><strong><em>τε</em></strong></span> <span class='ocrx_word' id='word_1_38' title='bbox 1290 669 1548 735; x_wconf 82' lang='grc' dir='ltr'><strong><em>δυσκλεᾶ,</em></strong></span> <span class='ocrx_word' id='word_1_39' title='bbox 1802 680 1883 721; x_wconf 76' lang='lat'><strong><em>405</em></strong></span> 
     </span>
     <span class='ocr_line' id='line_1_9' title="bbox 400 741 1737 820; baseline 0.001 -17"><span class='ocrx_word' id='word_1_40' title='bbox 400 749 544 819; x_wconf 90' lang='grc' dir='ltr'><strong><em>γυνή</em></strong></span> <span class='ocrx_word' id='word_1_41' title='bbox 568 772 625 804; x_wconf 87' lang='grc' dir='ltr'><strong><em>τε</em></strong></span> <span class='ocrx_word' id='word_1_42' title='bbox 649 747 787 820; x_wconf 84' lang='grc' dir='ltr'><strong><em>πρὸς</em></strong></span> <span class='ocrx_word' id='word_1_43' title='bbox 810 746 985 804; x_wconf 80' lang='grc' dir='ltr'><strong><em>τοῖσδ’</em></strong></span> <span class='ocrx_word' id='word_1_44' title='bbox 1014 741 1139 803; x_wconf 74' lang='grc' dir='ltr'><strong><em>οὖσ’</em></strong></span> <span class='ocrx_word' id='word_1_45' title='bbox 1169 753 1508 820; x_wconf 77' lang='grc' dir='ltr'><strong><em>ἐγίγνωσκον</em></strong></span> <span class='ocrx_word' id='word_1_46' title='bbox 1532 757 1737 820; x_wconf 86' lang='grc' dir='ltr'><strong><em>καλῶς,</em></strong></span> 
     </span>
     <span class='ocr_line' id='line_1_10' title="bbox 400 830 1462 904; baseline 0.001 -16"><span class='ocrx_word' id='word_1_47' title='bbox 400 840 607 904; x_wconf 82' lang='grc' dir='ltr'><strong><em>μίσημα</em></strong></span> <span class='ocrx_word' id='word_1_48' title='bbox 631 839 815 889; x_wconf 83' lang='grc' dir='ltr'><strong><em>πᾶσιν.</em></strong></span> <span class='ocrx_word' id='word_1_49' title='bbox 855 831 927 898; x_wconf 82' lang='grc' dir='ltr'><strong><em>ῶς</em></strong></span> <span class='ocrx_word' id='word_1_50' title='bbox 956 830 1138 888; x_wconf 82' lang='grc' dir='ltr'><strong><em>ὅλοιτο</em></strong></span> <span class='ocrx_word' id='word_1_51' title='bbox 1167 834 1462 904; x_wconf 77' lang='grc' dir='ltr'><strong><em>παγκάκως</em></strong></span> 
     </span>
    </p>

    <p class='ocr_par' dir='ltr' id='par_1_7' title="bbox 398 915 1584 989">
     <span class='ocr_line' id='line_1_11' title="bbox 398 915 1584 989; baseline 0 -17"><span class='ocrx_word' id='word_1_52' title='bbox 398 915 515 989; x_wconf 79' lang='grc' dir='ltr'><strong><em>ἥτις</em></strong></span> <span class='ocrx_word' id='word_1_53' title='bbox 543 917 678 987; x_wconf 87' lang='grc' dir='ltr'><strong><em>πρὸς</em></strong></span> <span class='ocrx_word' id='word_1_54' title='bbox 703 915 910 988; x_wconf 69' lang='grc' dir='ltr'><strong><em>ἄνδρας</em></strong></span> <span class='ocrx_word' id='word_1_55' title='bbox 934 915 1118 988; x_wconf 79' lang='grc' dir='ltr'><strong><em>ἤρξατ’</em></strong></span> <span class='ocrx_word' id='word_1_56' title='bbox 1148 918 1433 988; x_wconf 84' lang='grc' dir='ltr'><strong><em>αἰσχύνειν</em></strong></span> <span class='ocrx_word' id='word_1_57' title='bbox 1458 920 1584 988; x_wconf 84' lang='grc' dir='ltr'><strong><em>λέχη</em></strong></span> 
     </span>
    </p>

    <p class='ocr_par' dir='ltr' id='par_1_8' title="bbox 401 1002 1591 1073">
     <span class='ocr_line' id='line_1_12' title="bbox 401 1002 1591 1073; baseline 0.001 -17"><span class='ocrx_word' id='word_1_58' title='bbox 401 1002 588 1073; x_wconf 85' lang='grc' dir='ltr'><strong><em>πρῶτη</em></strong></span> <span class='ocrx_word' id='word_1_59' title='bbox 611 1008 901 1072; x_wconf 87' lang='grc' dir='ltr'><strong><em>θυραίους.</em></strong></span> <span class='ocrx_word' id='word_1_60' title='bbox 936 1005 995 1058; x_wconf 84' lang='grc' dir='ltr'><strong><em>ἐκ</em></strong></span> <span class='ocrx_word' id='word_1_61' title='bbox 1020 1002 1080 1058; x_wconf 79' lang='grc' dir='ltr'><strong><em>δὲ</em></strong></span> <span class='ocrx_word' id='word_1_62' title='bbox 1103 1008 1378 1073; x_wconf 76' lang='grc' dir='ltr'><strong><em>γενναίων</em></strong></span> <span class='ocrx_word' id='word_1_63' title='bbox 1404 1003 1591 1073; x_wconf 82' lang='grc' dir='ltr'><strong><em>δόμων</em></strong></span> 
     </span>
    </p>

    <p class='ocr_par' dir='ltr' id='par_1_9' title="bbox 399 1079 1874 1243">
     <span class='ocr_line' id='line_1_13' title="bbox 399 1079 1874 1158; baseline 0.001 -16"><span class='ocrx_word' id='word_1_64' title='bbox 399 1084 520 1142; x_wconf 81' lang='grc' dir='ltr'><strong><em>τόδ’</em></strong></span> <span class='ocrx_word' id='word_1_65' title='bbox 554 1079 680 1157; x_wconf 72' lang='grc' dir='ltr'><strong><em>ἦρξε</em></strong></span> <span class='ocrx_word' id='word_1_66' title='bbox 705 1093 985 1157; x_wconf 89' lang='grc' dir='ltr'><strong><em>θηλείαισι</em></strong></span> <span class='ocrx_word' id='word_1_67' title='bbox 1015 1093 1312 1158; x_wconf 83' lang='grc' dir='ltr'><strong><em>γίγνεσθαι</em></strong></span> <span class='ocrx_word' id='word_1_68' title='bbox 1336 1088 1522 1142; x_wconf 86' lang='grc' dir='ltr'><strong><em>κακόν.</em></strong></span> <span class='ocrx_word' id='word_1_69' title='bbox 1791 1104 1874 1144; x_wconf 83' lang='lat'><strong><em>410</em></strong></span> 
     </span>
     <span class='ocr_line' id='line_1_14' title="bbox 399 1168 1569 1243; baseline 0 -17"><span class='ocrx_word' id='word_1_70' title='bbox 399 1168 533 1226; x_wconf 80' lang='grc' dir='ltr'><strong><em>ὅταν</em></strong></span> <span class='ocrx_word' id='word_1_71' title='bbox 557 1170 661 1241; x_wconf 79' lang='grc' dir='ltr'><strong><em>γαρ</em></strong></span> <span class='ocrx_word' id='word_1_72' title='bbox 687 1170 884 1243; x_wconf 74' lang='grc' dir='ltr'><strong><em>αἰσχρὰ</em></strong></span> <span class='ocrx_word' id='word_1_73' title='bbox 906 1183 1082 1226; x_wconf 89' lang='grc' dir='ltr'><strong><em>τοῖσιν</em></strong></span> <span class='ocrx_word' id='word_1_74' title='bbox 1107 1175 1389 1227; x_wconf 79' lang='grc' dir='ltr'><strong><em>ἐσθλοῖσιν</em></strong></span> <span class='ocrx_word' id='word_1_75' title='bbox 1415 1176 1569 1242; x_wconf 83' lang='grc' dir='ltr'><strong><em>δοκῇ,</em></strong></span> 
     </span>
    </p>

    <p class='ocr_par' dir='ltr' id='par_1_10' title="bbox 399 1250 1597 1329">
     <span class='ocr_line' id='line_1_15' title="bbox 399 1250 1597 1329; baseline 0.003 -19"><span class='ocrx_word' id='word_1_76' title='bbox 399 1250 435 1325; x_wconf 81' lang='grc' dir='ltr'><strong><em>ἦ</em></strong></span> <span class='ocrx_word' id='word_1_77' title='bbox 463 1256 635 1325; x_wconf 86' lang='grc' dir='ltr'><strong><em>κάρτα</em></strong></span> <span class='ocrx_word' id='word_1_78' title='bbox 662 1255 807 1321; x_wconf 80' lang='grc' dir='ltr'><strong><em>δόξει</em></strong></span> <span class='ocrx_word' id='word_1_79' title='bbox 832 1269 941 1320; x_wconf 87' lang='grc' dir='ltr'><strong><em>τοῖς</em></strong></span> <span class='ocrx_word' id='word_1_80' title='bbox 965 1268 1151 1320; x_wconf 81' lang='grc' dir='ltr'><strong><em>κακοῖς</em></strong></span> <span class='ocrx_word' id='word_1_81' title='bbox 1191 1259 1243 1329; x_wconf 88' lang='grc' dir='ltr'><strong><em>γ’</em></strong></span> <span class='ocrx_word' id='word_1_82' title='bbox 1274 1257 1412 1313; x_wconf 79' lang='grc' dir='ltr'><strong><em>εἶναι</em></strong></span> <span class='ocrx_word' id='word_1_83' title='bbox 1444 1260 1597 1313; x_wconf 85' lang='grc' dir='ltr'><strong><em>καλά.</em></strong></span> 
     </span>
    </p>

    <p class='ocr_par' dir='ltr' id='par_1_11' title="bbox 398 1338 1609 1412">
     <span class='ocr_line' id='line_1_16' title="bbox 398 1338 1609 1412; baseline 0 -18"><span class='ocrx_word' id='word_1_84' title='bbox 398 1346 538 1410; x_wconf 90' lang='grc' dir='ltr'><strong><em>μισῶ</em></strong></span> <span class='ocrx_word' id='word_1_85' title='bbox 565 1341 625 1395; x_wconf 78' lang='grc' dir='ltr'><strong><em>δὲ</em></strong></span> <span class='ocrx_word' id='word_1_86' title='bbox 650 1341 741 1395; x_wconf 85' lang='grc' dir='ltr'><strong><em>καὶ</em></strong></span> <span class='ocrx_word' id='word_1_87' title='bbox 766 1338 860 1404; x_wconf 78' lang='grc' dir='ltr'><strong><em>τὰς</em></strong></span> <span class='ocrx_word' id='word_1_88' title='bbox 883 1339 1177 1412; x_wconf 77' lang='grc' dir='ltr'><strong><em>σώφρονας</em></strong></span> <span class='ocrx_word' id='word_1_89' title='bbox 1201 1340 1303 1411; x_wconf 75' lang='grc' dir='ltr'><strong><em>μὲν</em></strong></span> <span class='ocrx_word' id='word_1_90' title='bbox 1326 1342 1386 1395; x_wconf 88' lang='grc' dir='ltr'><strong><em>ἐν</em></strong></span> <span class='ocrx_word' id='word_1_91' title='bbox 1411 1341 1609 1410; x_wconf 86' lang='grc' dir='ltr'><strong><em>λόγοις,</em></strong></span> 
     </span>
    </p>

    <p class='ocr_par' dir='ltr' id='par_1_12' title="bbox 399 1421 1564 1498">
     <span class='ocr_line' id='line_1_17' title="bbox 399 1421 1564 1498; baseline -0.001 -19"><span class='ocrx_word' id='word_1_92' title='bbox 399 1425 584 1498; x_wconf 73' lang='grc' dir='ltr'><strong><em>λάθρᾳ</em></strong></span> <span class='ocrx_word' id='word_1_93' title='bbox 614 1424 675 1480; x_wconf 77' lang='grc' dir='ltr'><strong><em>δὲ</em></strong></span> <span class='ocrx_word' id='word_1_94' title='bbox 698 1424 897 1495; x_wconf 89' lang='grc' dir='ltr'><strong><em>τόλμας</em></strong></span> <span class='ocrx_word' id='word_1_95' title='bbox 927 1421 995 1479; x_wconf 78' lang='grc' dir='ltr'><strong><em>οὗ</em></strong></span> <span class='ocrx_word' id='word_1_96' title='bbox 1021 1424 1189 1490; x_wconf 82' lang='grc' dir='ltr'><strong><em>καλὰς</em></strong></span> <span class='ocrx_word' id='word_1_97' title='bbox 1215 1427 1564 1496; x_wconf 71' lang='grc' dir='ltr'><strong><em>κεκτημένοις.</em></strong></span> 
     </span>
    </p>

    <p class='ocr_par' dir='ltr' id='par_1_13' title="bbox 397 1502 1873 1666">
     <span class='ocr_line' id='line_1_18' title="bbox 397 1502 1873 1579; baseline 0.002 -15"><span class='ocrx_word' id='word_1_98' title='bbox 397 1516 459 1565; x_wconf 83' lang='grc' dir='ltr'><strong><em>αἳ</em></strong></span> <span class='ocrx_word' id='word_1_99' title='bbox 479 1515 593 1574; x_wconf 90' lang='grc' dir='ltr'><strong><em>πῶς</em></strong></span> <span class='ocrx_word' id='word_1_100' title='bbox 617 1506 755 1579; x_wconf 80' lang='grc' dir='ltr'><strong><em>ποτ’,</em></strong></span> <span class='ocrx_word' id='word_1_101' title='bbox 783 1502 827 1564; x_wconf 80' lang='grc' dir='ltr'><strong><em>ῶ</em></strong></span> <span class='ocrx_word' id='word_1_102' title='bbox 852 1511 1115 1565; x_wconf 85' lang='grc' dir='ltr'><strong><em>δέσποινα</em></strong></span> <span class='ocrx_word' id='word_1_103' title='bbox 1139 1516 1333 1565; x_wconf 89' lang='grc' dir='ltr'><strong><em>ποντία</em></strong></span> <span class='ocrx_word' id='word_1_104' title='bbox 1356 1509 1561 1579; x_wconf 77' lang='grc' dir='ltr'><strong><em>Κύπρι,</em></strong></span> <span class='ocrx_word' id='word_1_105' title='bbox 1793 1524 1873 1567; x_wconf 83' lang='lat'><strong><em>415</em></strong></span> 
     </span>
     <span class='ocr_line' id='line_1_19' title="bbox 399 1594 1606 1666; baseline -0.002 -17"><span class='ocrx_word' id='word_1_106' title='bbox 399 1596 700 1664; x_wconf 82' lang='grc' dir='ltr'><strong><em>βλέπουσιν</em></strong></span> <span class='ocrx_word' id='word_1_107' title='bbox 725 1600 801 1659; x_wconf 87' lang='grc' dir='ltr'><strong><em>είς</em></strong></span> <span class='ocrx_word' id='word_1_108' title='bbox 827 1594 1095 1666; x_wconf 86' lang='grc' dir='ltr'><strong><em>πρόσωπα</em></strong></span> <span class='ocrx_word' id='word_1_109' title='bbox 1123 1601 1234 1650; x_wconf 92' lang='grc' dir='ltr'><strong><em>τῶν</em></strong></span> <span class='ocrx_word' id='word_1_110' title='bbox 1259 1599 1606 1660; x_wconf 84' lang='grc' dir='ltr'><strong><em>ξυνευνετῶν</em></strong></span> 
     </span>
    </p>

    <p class='ocr_par' dir='ltr' id='par_1_14' title="bbox 399 1676 1576 1750">
     <span class='ocr_line' id='line_1_20' title="bbox 399 1676 1576 1750; baseline -0.001 -17"><span class='ocrx_word' id='word_1_111' title='bbox 399 1676 533 1734; x_wconf 74' lang='grc' dir='ltr'><strong><em>οὐδὲ</em></strong></span> <span class='ocrx_word' id='word_1_112' title='bbox 557 1678 756 1734; x_wconf 82' lang='grc' dir='ltr'><strong><em>σκότον</em></strong></span> <span class='ocrx_word' id='word_1_113' title='bbox 781 1685 1081 1750; x_wconf 83' lang='grc' dir='ltr'><strong><em>φρίσσουσι</em></strong></span> <span class='ocrx_word' id='word_1_114' title='bbox 1109 1678 1207 1734; x_wconf 86' lang='grc' dir='ltr'><strong><em>τὸν</em></strong></span> <span class='ocrx_word' id='word_1_115' title='bbox 1236 1678 1576 1749; x_wconf 78' lang='grc' dir='ltr'><strong><em>ξυνεργάτην</em></strong></span> 
     </span>
    </p>

    <p class='ocr_par' dir='ltr' id='par_1_15' title="bbox 395 1760 1622 1835">
     <span class='ocr_line' id='line_1_21' title="bbox 395 1760 1622 1835; baseline 0.002 -20"><span class='ocrx_word' id='word_1_116' title='bbox 395 1763 644 1833; x_wconf 82' lang='grc' dir='ltr'><strong><em>τέραμνά</em></strong></span> <span class='ocrx_word' id='word_1_117' title='bbox 667 1763 718 1819; x_wconf 84' lang='grc' dir='ltr'><strong><em>τ’</em></strong></span> <span class='ocrx_word' id='word_1_118' title='bbox 735 1773 905 1820; x_wconf 81' lang='grc' dir='ltr'><strong><em>οἴκων</em></strong></span> <span class='ocrx_word' id='word_1_119' title='bbox 928 1764 1001 1834; x_wconf 87' lang='grc' dir='ltr'><strong><em>μή</em></strong></span> <span class='ocrx_word' id='word_1_120' title='bbox 1035 1786 1164 1819; x_wconf 91' lang='grc' dir='ltr'><strong><em>ποτε</em></strong></span> <span class='ocrx_word' id='word_1_121' title='bbox 1191 1763 1452 1835; x_wconf 87' lang='grc' dir='ltr'><strong><em>φθογγὴν</em></strong></span> <span class='ocrx_word' id='word_1_122' title='bbox 1476 1760 1621 1834; x_wconf 75' lang='grc' dir='ltr'><strong><em>ἀφῇ·</em></strong></span> <span class='ocrx_word' id='word_1_123' title='bbox 1609 1807 1622 1828; x_wconf 88' lang='grc'><strong><em>,</em></strong></span> 
     </span>
    </p>

    <p class='ocr_par' dir='ltr' id='par_1_16' title="bbox 398 1845 1563 1949">
     <span class='ocr_line' id='line_1_22' title="bbox 398 1845 1563 1949; baseline -0.002 -46"><span class='ocrx_word' id='word_1_124' title='bbox 398 1845 536 1919; x_wconf 81' lang='grc' dir='ltr'><strong><em>ἡμᾶς</em></strong></span> <span class='ocrx_word' id='word_1_125' title='bbox 558 1847 664 1947; x_wconf 80' lang='grc' dir='ltr'><strong><em>γαρ</em></strong></span> <span class='ocrx_word' id='word_1_126' title='bbox 690 1846 825 1904; x_wconf 82' lang='grc' dir='ltr'><strong><em>αὐτὸ</em></strong></span> <span class='ocrx_word' id='word_1_127' title='bbox 851 1845 1003 1904; x_wconf 84' lang='grc' dir='ltr'><strong><em>τοῦτ’</em></strong></span> <span class='ocrx_word' id='word_1_128' title='bbox 1031 1846 1363 1949; x_wconf 76' lang='grc' dir='ltr'><strong><em>ἀποκτείνει,</em></strong></span> <span class='ocrx_word' id='word_1_129' title='bbox 1389 1854 1563 1919; x_wconf 81' lang='grc' dir='ltr'><strong><em>φίλαι,</em></strong></span> 
     </span>
    </p>

    <p class='ocr_par' dir='ltr' id='par_1_17' title="bbox 395 1929 1871 2087">
     <span class='ocr_line' id='line_1_23' title="bbox 401 1929 1871 2005; baseline -0.001 -18"><span class='ocrx_word' id='word_1_130' title='bbox 401 1929 472 1997; x_wconf 81' lang='grc' dir='ltr'><strong><em>ῶς</em></strong></span> <span class='ocrx_word' id='word_1_131' title='bbox 496 1930 695 2003; x_wconf 75' lang='grc' dir='ltr'><strong><em>μήποτ’</em></strong></span> <span class='ocrx_word' id='word_1_132' title='bbox 724 1931 902 2005; x_wconf 89' lang='grc' dir='ltr'><strong><em>άνδρα</em></strong></span> <span class='ocrx_word' id='word_1_133' title='bbox 925 1931 1021 1989; x_wconf 78' lang='grc' dir='ltr'><strong><em>τὸν</em></strong></span> <span class='ocrx_word' id='word_1_134' title='bbox 1045 1932 1178 2004; x_wconf 85' lang='grc' dir='ltr'><strong><em>ἐμὸν</em></strong></span> <span class='ocrx_word' id='word_1_135' title='bbox 1203 1929 1492 2003; x_wconf 80' lang='grc' dir='ltr'><strong><em>αἰσχύνασ’</em></strong></span> <span class='ocrx_word' id='word_1_136' title='bbox 1521 1929 1651 2001; x_wconf 78' lang='grc' dir='ltr'><strong><em>αλῶ,</em></strong></span> <span class='ocrx_word' id='word_1_137' title='bbox 1788 1946 1871 1987; x_wconf 77' lang='lat'><strong><em>420</em></strong></span> 
     </span>
     <span class='ocr_line' id='line_1_24' title="bbox 395 2015 1546 2087; baseline -0.002 -15"><span class='ocrx_word' id='word_1_138' title='bbox 395 2016 467 2087; x_wconf 86' lang='grc' dir='ltr'><strong><em>μὴ</em></strong></span> <span class='ocrx_word' id='word_1_139' title='bbox 494 2021 692 2082; x_wconf 83' lang='grc' dir='ltr'><strong><em>παῖδας</em></strong></span> <span class='ocrx_word' id='word_1_140' title='bbox 718 2015 815 2082; x_wconf 72' lang='grc' dir='ltr'><strong><em>οὓς</em></strong></span> <span class='ocrx_word' id='word_1_141' title='bbox 842 2023 1078 2072; x_wconf 84' lang='grc' dir='ltr'><strong><em>ἔτικτον·</em></strong></span> <span class='ocrx_word' id='word_1_142' title='bbox 1107 2015 1226 2072; x_wconf 76' lang='grc' dir='ltr'><strong><em>ἀλλ’</em></strong></span> <span class='ocrx_word' id='word_1_143' title='bbox 1258 2018 1546 2085; x_wconf 86' lang='grc' dir='ltr'><strong><em>ἐλεύθεροι</em></strong></span> 
     </span>
    </p>

    <p class='ocr_par' dir='ltr' id='par_1_18' title="bbox 402 2100 1424 2174">
     <span class='ocr_line' id='line_1_25' title="bbox 402 2100 1424 2174; baseline 0 -19"><span class='ocrx_word' id='word_1_144' title='bbox 402 2108 681 2174; x_wconf 77' lang='grc' dir='ltr'><strong><em>παρρησίᾳ</em></strong></span> <span class='ocrx_word' id='word_1_145' title='bbox 707 2102 1006 2166; x_wconf 77' lang='grc' dir='ltr'><strong><em>θάλλοντες</em></strong></span> <span class='ocrx_word' id='word_1_146' title='bbox 1031 2107 1237 2156; x_wconf 83' lang='grc' dir='ltr'><strong><em>οἰκοῖεν</em></strong></span> <span class='ocrx_word' id='word_1_147' title='bbox 1262 2100 1424 2157; x_wconf 88' lang='grc' dir='ltr'><strong><em>πόλιν</em></strong></span> 
     </span>
    </p>

    <p class='ocr_par' dir='ltr' id='par_1_19' title="bbox 395 2182 1868 2512">
     <span class='ocr_line' id='line_1_26' title="bbox 400 2182 1676 2257; baseline -0.002 -17"><span class='ocrx_word' id='word_1_148' title='bbox 400 2192 637 2241; x_wconf 77' lang='grc' dir='ltr'><strong><em>κλεινῶν</em></strong></span> <span class='ocrx_word' id='word_1_149' title='bbox 663 2184 944 2256; x_wconf 76' lang='grc' dir='ltr'><strong><em>Ἀθηνῶν,</em></strong></span> <span class='ocrx_word' id='word_1_150' title='bbox 972 2184 1175 2257; x_wconf 82' lang='grc' dir='ltr'><strong><em>μητρὸς</em></strong></span> <span class='ocrx_word' id='word_1_151' title='bbox 1214 2185 1380 2240; x_wconf 80' lang='grc' dir='ltr'><strong><em>εἵνεκ’</em></strong></span> <span class='ocrx_word' id='word_1_152' title='bbox 1419 2182 1676 2250; x_wconf 80' lang='grc' dir='ltr'><strong><em>εὐκλεεῖς.</em></strong></span> 
     </span>
     <span class='ocr_line' id='line_1_27' title="bbox 398 2262 1782 2342; baseline -0.001 -17"><span class='ocrx_word' id='word_1_153' title='bbox 398 2275 593 2326; x_wconf 87' lang='grc' dir='ltr'><strong><em>δουλοῖ</em></strong></span> <span class='ocrx_word' id='word_1_154' title='bbox 614 2269 717 2342; x_wconf 75' lang='grc' dir='ltr'><strong><em>γὰρ</em></strong></span> <span class='ocrx_word' id='word_1_155' title='bbox 743 2269 947 2342; x_wconf 72' lang='grc' dir='ltr'><strong><em>ἄνδρα,</em></strong></span> <span class='ocrx_word' id='word_1_156' title='bbox 978 2267 1082 2325; x_wconf 71' lang='grc' dir='ltr'><strong><em>κᾶν</em></strong></span> <span class='ocrx_word' id='word_1_157' title='bbox 1107 2269 1604 2341; x_wconf 81' lang='grc' dir='ltr'><strong><em>θρασύσπλαγχνός</em></strong></span> <span class='ocrx_word' id='word_1_158' title='bbox 1628 2293 1708 2334; x_wconf 88' lang='grc' dir='ltr'><strong><em>τις</em></strong></span> <span class='ocrx_word' id='word_1_159' title='bbox 1734 2262 1782 2340; x_wconf 73' lang='grc' dir='ltr'><strong><em>ᾗ,</em></strong></span> 
     </span>
     <span class='ocr_line' id='line_1_28' title="bbox 397 2350 1868 2428; baseline 0 -19"><span class='ocrx_word' id='word_1_160' title='bbox 397 2351 531 2410; x_wconf 80' lang='grc' dir='ltr'><strong><em>ὅταν</em></strong></span> <span class='ocrx_word' id='word_1_161' title='bbox 555 2359 780 2428; x_wconf 78' lang='grc' dir='ltr'><strong><em>ξυνειδῇ</em></strong></span> <span class='ocrx_word' id='word_1_162' title='bbox 804 2353 1006 2427; x_wconf 81' lang='grc' dir='ltr'><strong><em>μητρὸς</em></strong></span> <span class='ocrx_word' id='word_1_163' title='bbox 1030 2350 1065 2425; x_wconf 77' lang='grc' dir='ltr'><strong><em>ἦ</em></strong></span> <span class='ocrx_word' id='word_1_164' title='bbox 1090 2355 1292 2427; x_wconf 86' lang='grc' dir='ltr'><strong><em>πατρὸς</em></strong></span> <span class='ocrx_word' id='word_1_165' title='bbox 1323 2355 1479 2410; x_wconf 86' lang='grc' dir='ltr'><strong><em>κακά.</em></strong></span> <span class='ocrx_word' id='word_1_166' title='bbox 1788 2367 1868 2409; x_wconf 75' lang='lat'><strong><em>425</em></strong></span> 
     </span>
     <span class='ocr_line' id='line_1_29' title="bbox 395 2435 1514 2512; baseline 0 -18"><span class='ocrx_word' id='word_1_167' title='bbox 395 2440 566 2508; x_wconf 88' lang='grc' dir='ltr'><strong><em>μόνον</em></strong></span> <span class='ocrx_word' id='word_1_168' title='bbox 597 2440 658 2495; x_wconf 72' lang='grc' dir='ltr'><strong><em>δὲ</em></strong></span> <span class='ocrx_word' id='word_1_169' title='bbox 681 2440 842 2495; x_wconf 82' lang='grc' dir='ltr'><strong><em>τοῦτό</em></strong></span> <span class='ocrx_word' id='word_1_170' title='bbox 869 2436 1001 2511; x_wconf 78' lang='grc' dir='ltr'><strong><em>φασ’</em></strong></span> <span class='ocrx_word' id='word_1_171' title='bbox 1033 2435 1369 2509; x_wconf 76' lang='grc' dir='ltr'><strong><em>ἁμιλλᾶσθαι</em></strong></span> <span class='ocrx_word' id='word_1_172' title='bbox 1393 2445 1514 2512; x_wconf 78' lang='grc' dir='ltr'><strong><em>βίω,</em></strong></span> 
     </span>
    </p>

    <p class='ocr_par' dir='ltr' id='par_1_20' title="bbox 398 2521 1504 2597">
     <span class='ocr_line' id='line_1_30' title="bbox 398 2521 1504 2597; baseline -0.002 -18"><span class='ocrx_word' id='word_1_173' title='bbox 398 2525 622 2595; x_wconf 83' lang='grc' dir='ltr'><strong><em>γνῶμην</em></strong></span> <span class='ocrx_word' id='word_1_174' title='bbox 647 2529 869 2579; x_wconf 87' lang='grc' dir='ltr'><strong><em>δικαίαν</em></strong></span> <span class='ocrx_word' id='word_1_175' title='bbox 894 2521 1180 2595; x_wconf 72' lang='grc' dir='ltr'><strong><em>κάγαθήν,</em></strong></span> <span class='ocrx_word' id='word_1_176' title='bbox 1209 2521 1315 2597; x_wconf 78' lang='grc' dir='ltr'><strong><em>ὅτῳ</em></strong></span> <span class='ocrx_word' id='word_1_177' title='bbox 1340 2530 1504 2596; x_wconf 85' lang='grc' dir='ltr'><strong><em>παρῇ.</em></strong></span> 
     </span>
    </p>

    <p class='ocr_par' dir='ltr' id='par_1_21' title="bbox 395 2605 1547 2679">
     <span class='ocr_line' id='line_1_31' title="bbox 395 2605 1547 2679; baseline 0.001 -17"><span class='ocrx_word' id='word_1_178' title='bbox 395 2631 598 2672; x_wconf 81' lang='grc' dir='ltr'><strong><em>κακους</em></strong></span> <span class='ocrx_word' id='word_1_179' title='bbox 625 2608 685 2663; x_wconf 92' lang='grc' dir='ltr'><strong><em>δε</em></strong></span> <span class='ocrx_word' id='word_1_180' title='bbox 710 2615 935 2679; x_wconf 88' lang='grc' dir='ltr'><strong><em>θνητῶν</em></strong></span> <span class='ocrx_word' id='word_1_181' title='bbox 960 2605 1182 2678; x_wconf 80' lang='grc' dir='ltr'><strong><em>ἐξέφην’</em></strong></span> <span class='ocrx_word' id='word_1_182' title='bbox 1190 2652 1204 2678; x_wconf 90' lang='grc'><strong><em>,</em></strong></span> <span class='ocrx_word' id='word_1_183' title='bbox 1234 2606 1367 2663; x_wconf 91' lang='grc' dir='ltr'><strong><em>όταν</em></strong></span> <span class='ocrx_word' id='word_1_184' title='bbox 1395 2608 1547 2679; x_wconf 86' lang='grc' dir='ltr'><strong><em>τύχῃ.</em></strong></span> 
     </span>
    </p>

    <p class='ocr_par' dir='ltr' id='par_1_22' title="bbox 395 2690 1532 2767">
     <span class='ocr_line' id='line_1_32' title="bbox 395 2690 1532 2767; baseline -0.001 -19.999"><span class='ocrx_word' id='word_1_185' title='bbox 395 2695 627 2762; x_wconf 86' lang='grc' dir='ltr'><strong><em>προθεις</em></strong></span> <span class='ocrx_word' id='word_1_186' title='bbox 651 2694 955 2763; x_wconf 83' lang='grc' dir='ltr'><strong><em>κάτοπτρον</em></strong></span> <span class='ocrx_word' id='word_1_187' title='bbox 979 2690 1116 2747; x_wconf 83' lang='grc' dir='ltr'><strong><em>ῶστε</em></strong></span> <span class='ocrx_word' id='word_1_188' title='bbox 1145 2694 1408 2767; x_wconf 87' lang='grc' dir='ltr'><strong><em>παρθένω</em></strong></span> <span class='ocrx_word' id='word_1_189' title='bbox 1433 2695 1532 2765; x_wconf 77' lang='grc' dir='ltr'><strong><em>νέᾳ</em></strong></span> 
     </span>
    </p>

    <p class='ocr_par' dir='ltr' id='par_1_23' title="bbox 394 2773 1868 2848">
     <span class='ocr_line' id='line_1_33' title="bbox 394 2773 1868 2848; baseline -0.001 -16"><span class='ocrx_word' id='word_1_190' title='bbox 394 2778 613 2848; x_wconf 83' lang='grc' dir='ltr'><strong><em>χρόνος</em></strong></span> <span class='ocrx_word' id='word_1_191' title='bbox 641 2774 772 2846; x_wconf 85' lang='grc' dir='ltr'><strong><em>παρ’</em></strong></span> <span class='ocrx_word' id='word_1_192' title='bbox 802 2773 911 2832; x_wconf 83' lang='grc' dir='ltr'><strong><em>οἷσι</em></strong></span> <span class='ocrx_word' id='word_1_193' title='bbox 935 2773 1129 2847; x_wconf 83' lang='grc' dir='ltr'><strong><em>μήποτ’</em></strong></span> <span class='ocrx_word' id='word_1_194' title='bbox 1165 2775 1409 2848; x_wconf 77' lang='grc' dir='ltr'><strong><em>ὀφθείην</em></strong></span> <span class='ocrx_word' id='word_1_195' title='bbox 1435 2776 1555 2846; x_wconf 70' lang='grc' dir='ltr'><strong><em>ἐγώ.</em></strong></span> <span class='ocrx_word' id='word_1_196' title='bbox 1786 2786 1868 2830; x_wconf 70' lang='lat'><strong><em>430</em></strong></span> 
     </span>
    </p>
   </div>
  </div>
 </body>
</html>
