2022 3126
227 115 327 167 194

233 266 344 315 XO.

231 350 341 400 EA.

232 436 344 484 XO.

234 520 342 569 EA.

230 605 345 654 XO.

232 690 341 739 EA.

230 775 346 823 XO.

233 1877 343 1926 EA.

234 2217 350 2265 XO.

234 2301 345 2349 EA.

237 2556 350 2604 XO.

242 2724 347 2776 EA.

923 114 1178 163 ΕΛΕΝΗ

421 263 497 323 εἰς
525 254 820 328 ξυμφορὰν
843 254 947 328 γὰρ
977 251 1100 310 ἀντὶ
1125 252 1380 326 τάγαθοῦ
1410 254 1585 326 φέρει.

419 342 593 414 φόβος
617 340 722 414 γὰρ
751 346 827 405 εἰς
851 339 911 396 τὸ
939 344 1100 411 δεῖμα
1125 337 1442 411 περιβαλών
1467 335 1524 410 μ’
1553 336 1692 410 ἄγει.

417 433 532 491 πῶς
557 431 590 482 δ
596 423 609 444 '
642 423 928 497 εὐμενείας
951 421 1150 480 τοισίδ’
1181 426 1241 480 ἐν
1265 423 1454 495 δόμοις
1473 429 1641 495 ἔχεις;

413 507 614 576 πάνῧες
639 517 794 582 φίλοι
817 534 909 582 μοι
933 507 1078 580 πλὴν
1101 505 1130 564 ὁ
1157 508 1423 581 θηρεύων
1446 509 1672 580 γάμους.

416 592 556 653 οἶσθ’
586 619 690 651 ουν
716 592 744 651 ὁ
737 594 998 668 δρᾶσον;
1024 593 1302 665 μνήματος
1328 590 1543 650 λιποῦᾶ
1572 596 1758 665 ἕδραν,

416 687 491 746 εἰς
519 694 679 737 ποῖον
704 683 887 752 ε’ρπεις
910 685 1099 751 μῦθον
1122 674 1158 749 ἢ
1182 684 1537 751 παραίνεσιν;

416 763 643 822 ἐλθοῦσ’
674 769 726 830 ἐς
750 774 964 835 οἴκους,
994 761 1030 835 ἣ
1064 760 1129 819 τὰ
1155 759 1314 819 πάντ’
1342 766 1640 834 ἐπίσταται,

418 857 512 923 τῆς
537 857 762 916 ποντίας
784 853 1047 922 Νηρῇδος
1072 847 1307 920 ἐκγόνου
1330 848 1514 920 κόρης,

420 941 612 993 πυθοῦ
638 928 803 992 πόσιν
826 934 928 991 σὸν
954 933 1195 1005 Θεονόης
1222 930 1321 988 εἴτ’
1354 930 1465 990 ἔστ’
1495 939 1574 989 ἔτι

423 1019 523 1077 εἴτ’
552 1023 833 1076 ἐκλέλοιπε
859 1022 1061 1092 φέγγος
1079 1037 1089 1048 ·
1118 1021 1440 1090 ἐκμαθοῦσα
1468 1015 1533 1074 δὲ

420 1105 558 1178 πρὸς
581 1104 675 1171 τὰς
699 1106 864 1176 τύχας
888 1103 948 1160 τὸ
974 1105 1152 1176 χάρμα
1177 1101 1306 1168 τοὺς
1329 1102 1496 1174 γόους
1520 1099 1567 1158 τ’
1599 1109 1701 1175 ἔχε.

420 1192 554 1261 πρὶν
579 1187 632 1245 δ’
666 1188 835 1246 οὐδὲν
859 1187 1046 1261 ὀρθῶς
1071 1190 1302 1259 εἰδέναι,
1327 1194 1386 1244 τί
1408 1207 1496 1244 σοι
1522 1191 1690 1245 πλέον

420 1276 741 1347 λυπουμένῃ
767 1271 967 1345 γένοιτ’
997 1272 1094 1341 ἇν;
1122 1270 1243 1328 ἀλλ’
1273 1275 1391 1344 ἐμοὶ
1414 1279 1615 1329 πιθοῦ·

421 1361 599 1430 τάφον
622 1365 858 1415 λιποῦσα
882 1359 1044 1414 τόνδε
1069 1358 1338 1430 σύμμιξον
1360 1354 1516 1431 κόρῃ,

421 1442 664 1515 ὅθενπερ
692 1453 826 1501 εἴσει
854 1444 1057 1513 πάντα,
1085 1441 1300 1516 τάληθῆ
1326 1443 1558 1517 φράσαι·

421 1527 602 1601 ἐ’χουσ’
631 1533 692 1585 ἐν
717 1537 888 1594 οἴκοις
920 1528 1087 1600 τήνδε
1121 1535 1178 1584 τί
1195 1531 1414 1600 βλέπεις
1435 1528 1653 1600 πρόσω;

420 1616 570 1670 θέλω
596 1615 657 1670 δὲ
682 1611 834 1686 κάγώ
863 1615 951 1669 σοὶ
975 1621 1363 1670 συνεισελθεῖν
1387 1613 1593 1685 δόμους

420 1701 513 1755 καὶ
538 1702 938 1771 συμπυθέσθαι
962 1701 1251 1770 παρθένου
1275 1704 1647 1771 θεσπίσματα·

421 1798 660 1856 γυναῖκα
688 1784 792 1856 γὰρ
820 1783 887 1856 δὴ
913 1797 1221 1855 συμπονεῖν
1244 1785 1469 1857 γυναικὶ
1491 1783 1611 1855 χρή.

418 1876 578 1941 φίλαι
592 1914 606 1940 ,
635 1870 836 1941 λόγους
861 1869 1129 1940 ἐδεξάμαν
1143 1887 1154 1898 ·
1661 1885 1776 1939 στρ.

421 1961 553 2026 βᾶτε
577 1961 708 2027 βᾶτε
734 1951 788 2010 δ’
817 1960 892 2019 εἰς
918 1954 1138 2024 δόμους,

425 2037 642 2111 ἀγῶνας
667 2042 821 2103 ἐντὸς
848 2043 1056 2106 [οἴκων]
1083 2035 1155 2104 ὦς

424 2124 689 2195 πύθησθε
715 2122 845 2188 τοὺς
871 2123 1050 2195 ἐμούς.

419 2211 702 2265 θέλουσαν
726 2205 792 2264 οὐ
818 2208 974 2279 μόλις
997 2215 1196 2273 καλεῖς.

418 2293 482 2350 ἰώ
509 2297 699 2365 μέλεος
724 2291 914 2365 ἁμέρα.

423 2377 531 2435 τίν’
566 2377 673 2451 ἄρα
697 2379 927 2434 τάλαινα
950 2384 1075 2433 τίνα
1101 2377 1346 2450 δακρυό-

427 2487 555 2520 εντα
582 2464 750 2535 λόγον
774 2461 1106 2534 ἀκούσομαι;

419 2549 491 2620 μὴ
518 2549 819 2620 πρόμαντις
847 2545 1060 2618 ἀλγέων

423 2630 799 2706 προλάμβαν’,
829 2633 870 2688 03
897 2639 1060 2703 φίλα,
1085 2623 1267 2705 γόους.

419 2725 477 2773 τί
496 2741 588 2789 μοι
612 2720 770 2783 πόσις
794 2719 985 2789 μέλεος
1010 2723 1164 2784 ε’τλα;
1665 2710 1782 2769 eim.

423 2802 626 2874 πότερα
651 2804 903 2873 δέρκεται
928 2802 1067 2874 φάος

746 2901 833 2944 330
847 2921 909 2929 ·-
924 2900 1008 2944 339
1029 2920 1098 2944 =
1122 2900 1209 2946 340
1224 2920 1281 2927 -
1300 2896 1385 2943 347

1809 608 1891 651 315

1808 1033 1893 1075 320

1810 1458 1894 1502 325

1810 1880 1894 1924 330

1814 2305 1896 2348 335
