2022 3126
101 267 195 316 ῙΦ.

99 351 207 399 ET.

98 434 193 483 ΙΦ.

99 519 144 566 Ε
151 521 207 567 T.

95 603 191 651 ΙΦ.

100 687 206 742 ET.

94 771 191 819 ΙΦ.

95 856 142 903 Ε
149 857 204 903 T.

94 940 190 988 ΙΦ.

94 1025 202 1073 ET.

92 1108 190 1158 ΙΦ.

92 1194 202 1242 ET.

93 1445 206 1494 XO.

91 1530 187 1578 ΙΦ.

92 1615 205 1662 XO.

100 1782 185 1831 ἶΦ.

93 1867 207 1917 XO.

99 2121 188 2173 [Φ.

762 119 1098 166 ΙΚΕΤΙΔΕΣ

283 257 724 332 κάπειτατύμβῳ
747 259 838 313 καὶ
863 263 1014 331 πυρᾷ
1037 263 1223 328 φαίνει
1248 259 1440 325 πέλας-ς

281 347 526 399 ἐνταῦθα
550 341 654 414 γὰρ
679 340 747 412 δὴ
772 347 1084 407 καλλίνικος
1108 348 1344 413 ἔρχομαι.

282 434 490 483 νικῶσα
512 432 675 497 νίκην
697 432 849 492 τίνας
874 434 1078 496 μαθεῖν
1100 427 1274 498 χρῄζω
1298 429 1481 482 σέθεν-

284 511 456 576 πάσας
479 524 744 582 γυναῖκας
769 507 832 575 ἃς
856 512 1120 581 δέδορκεν
1141 508 1309 580 ἥλιος.

281 601 461 666 ἔργοις
477 593 713 659 Ἀθάνας
735 590 771 665 ἢ
795 600 1020 666 φρενῶν
1048 591 1339 668 εὐβουλίας

282 677 472 752 ἀρετῇ
497 680 654 735 πόσει
677 677 782 751 γὰρ
814 684 1175 734 συνθανοῦσα
1198 685 1462 750 κείσομαι.

280 771 337 818 τί
358 764 493 834 φής;
518 769 576 818 τί
593 763 742 818 τοῦτ’
769 772 994 834 αἴνιγμα
1017 768 1299 833 σημαίνεις
1322 766 1565 833 σαθρονς

283 845 430 922 ᾄσσω
455 847 726 913 θανόντος
749 849 1051 912 Καπανέως
1074 845 1228 918 τήνδ’
1262 854 1337 912 εἰς
1361 848 1559 920 πυράν.

281 925 325 987 ῶ
346 933 621 1003 θύγατερ,
648 930 714 987 ού
742 931 814 1003 μὴ
838 939 1024 1003 μῦθον
1053 935 1131 996 εἰς
1161 929 1400 996 πολλοὺς
1424 936 1589 1003 ἐρεῑς;

278 1015 426 1072 τοῦτ’
455 1014 590 1072 αὐτὸ
614 1017 813 1089 χρῄζω,
839 1016 1043 1081 πάντας
1062 1014 1340 1087 Ἀργείους
1363 1025 1580 1086 μαθεῖν.

281 1098 401 1156 ἀλλ’
428 1099 564 1157 οὐδέ
583 1108 672 1157 τοί
691 1120 778 1157 σοι
802 1108 1056 1172 πείσομαι
1082 1100 1268 1173 δρῶσῃ
1292 1101 1436 1156 τάδε.

280 1182 494 1256 ὅμοιον·
521 1180 588 1241 ού
612 1186 716 1257 γὰρ
741 1184 812 1257 μὴ
837 1192 990 1258 κίχῃς
1012 1182 1070 1256 μ’
1099 1184 1239 1241 ἑλῶν
1261 1193 1395 1257 χερί.

278 1271 370 1325 καὶ
395 1268 462 1340 δὴ
488 1283 738 1342 παρεῖται
763 1276 947 1341 σῶμα,
980 1272 1064 1325 σοὶ
1088 1270 1189 1340 μὲν
1214 1267 1280 1324 ού
1306 1277 1488 1340 φίλον,

278 1352 409 1425 ἡμῖν
435 1354 497 1413 δὲ
520 1356 611 1410 καὶ
633 1360 707 1428 τῷ
733 1356 1177 1428 συμπυρουμένῳ
1202 1354 1375 1409 πόσει.

281 1439 345 1494 ι’ω’
359 1482 374 1509 ,
400 1438 593 1510 γύναι,
621 1436 809 1494 δεινὸν
833 1445 996 1511 ἔργον
1020 1438 1330 1510 ἐξειργάσω.

276 1521 576 1594 ἀπωλόμην
601 1523 895 1594 δύστηνος,
916 1521 1178 1594 Ἀργείων
1202 1523 1377 1594 κόραι.

275 1610 302 1663 ἓ
324 1613 375 1678 ἕ,
402 1610 616 1678 σχέτλια
639 1609 766 1663 τάδε
790 1607 1007 1678 παθῶν,

277 1690 337 1747 τὸ
362 1692 679 1764 πάντολμον
706 1699 868 1764 ἔργον
892 1689 1016 1757 ὄψει
1040 1693 1219 1757 τάλας.

275 1774 376 1831 οὐκ
400 1774 470 1831 ἄν
494 1775 601 1831 τιν’
631 1774 835 1847 εὕροιτ’
865 1775 1035 1835 ἄλλον
1060 1777 1419 1850 ἀθλιώτερον.

276 1862 338 1917 ἰῶ
364 1862 552 1928 τάλας·

279 1949 564 2019 μετέλαχες
588 1948 752 2019 τύχας
781 1948 1080 2018 Οἰδιπόδα,
1107 1951 1290 2020 γέρον,

280 2034 441 2103 μέρος
466 2056 558 2088 και
582 2051 653 2089 συ
677 2035 769 2088 και
794 2034 951 2098 πόλις
975 2030 1075 2104 ε’μα
1099 2033 1335 2105 τλάμων.

277 2125 447 2221 οἴμοι·
475 2123 531 2172 τί
550 2116 618 2188 δὴ
645 2124 927 2189 βροτοῖσιν
947 2115 1049 2173 οὐκ
1074 2123 1222 2173 ἔστιν
1249 2117 1391 2186 τόδε,

276 2203 435 2266 νέους
460 2203 512 2256 δ
498 2225 544 2266 ις
569 2201 709 2257 εἶναι
733 2205 824 2258 καὶ
847 2204 1109 2273 γέροντας
1131 2195 1205 2258 αὖ
1232 2203 1424 2267 πάλιν;

277 2282 396 2339 ἀλλ’
426 2288 486 2340 ἐν
509 2286 699 2356 νόμοις
720 2310 822 2356 μεν
844 2284 914 2357 ἤν
938 2310 990 2344 τι
1013 2284 1084 2357 μὴ
1110 2292 1289 2352 καλῶς
1314 2292 1425 2357 ἔχῃ,

278 2369 584 2440 γνώμαισιν
609 2367 923 2442 υστέραισιν
946 2371 1347 2442 ἐξορθούμεθα,

278 2459 452 2509 αἰῶνα
477 2452 529 2509 δ’
562 2451 664 2509 οὐκ
691 2459 912 2521 ἔξεστιν.
972 2461 1023 2510 εἰ
1043 2452 1095 2509 δ’
1126 2456 1265 2526 ἡμεν
1286 2457 1402 2510 νέοι

278 2539 363 2603 δὶς
384 2540 476 2594 καὶ
499 2541 780 2610 γέροντες,
808 2549 864 2595 εἴ
878 2564 957 2605 τις
981 2540 1329 2611 ἐξημάρτανε,

279 2626 479 2678 διπλοῦ
502 2629 629 2694 βίου
651 2624 910 2694 τυχόντες
932 2622 1314 2696 ἐξωρθούμεθ’
1344 2620 1428 2679 ἅν.

278 2703 383 2776 ε’γῶ
409 2706 514 2778 γὰρ
541 2704 742 2774 ἄλλους
769 2714 1000 2781 εἰσορῶν
1024 2710 1426 2780 τεκνουμένους

274 2795 489 2846 παίδων
511 2788 559 2846 τ’
586 2791 812 2864 ἐραστὴς
856 2786 890 2862 ἦ
927 2792 1086 2867 πόθῳ
1110 2790 1160 2848 τ’
1188 2791 1527 2864 ἀπωλλύμην.

278 2879 328 2929 εἰ
348 2873 399 2930 δ’
428 2881 503 2941 εἰς
528 2874 645 2931 τόδ’
672 2869 850 2948 ἦλθον
873 2874 1279 2950 κάξεπειράθην
1349 2887 1375 2919 *
1423 2886 1450 2918 *

1657 119 1758 172 405

1640 442 1745 486 [060

1636 863 1743 906 1065

1634 1286 1743 1329 1070

1632 1708 1740 1754 1075

1632 2133 1741 2177 1080

1634 2554 1734 2598 1085
1776 2578 1779 2580 ·
