2022 3126
801 115 1050 160 EKABH
1656 115 1754 165 169

289 260 571 326 μίτραισιν
595 252 1006 324 ἐρρυθμιζόμαν

288 340 540 410 χρυσέων
564 337 847 407 ἐνόπτρων
1674 355 1758 399 925

287 419 579 478 λεῦσσονσ’
609 417 910 493 ἆτέρμονας
935 426 1011 485 εἰς
1035 418 1226 492 αὐγάς,

289 508 600 577 ε’πιδέμνιος
625 502 697 570 ὣς
722 502 939 575 πέσοιμ’
971 508 1024 569 ές
1051 502 1239 562 εὐνάν.

289 589 393 646 ἄνα
420 591 481 646 δὲ
505 592 736 654 κέλαδος
762 594 923 661 ε”μολε
948 590 1111 645 πόλιν
1128 609 1138 618 ·

288 679 561 746 κέλευσμα
585 671 638 729 δ’
668 666 739 745 ἦν
763 671 883 729 κατ’
913 671 1051 730 ἄστυ
1084 681 1281 747 Τροίας
1306 673 1421 734 τόδ’
1441 694 1455 709 ·
1490 679 1531 733 ὦ

288 764 479 825 παῖδες
495 757 799 829 Ἑλλάνων,
827 758 960 815 πότε
984 757 1052 830 δὴ
1079 759 1211 815 πότε
1233 758 1335 816 τὰν
1675 777 1758 820 930

281 842 480 901 Ἰλιάδα
506 842 741 900 σκοπιὰν

287 932 584 1002 πέρσαντες
607 925 751 1000 ἥξετ’
781 937 999 994 οἱ’κους;

285 1016 413 1086 λέχη
441 1015 502 1070 δὲ
528 1021 686 1085 φίλια
711 1013 1056 1085 μονόπεπλος
1524 1040 1637 1072 αντ.

284 1105 550 1169 λιποῦσα,
576 1100 764 1169 Δωρὶς
790 1095 862 1163 ὡς
886 1098 1042 1171 κόρα,

284 1183 494 1255 σεμνὰν
519 1181 839 1255 προσίζονσ’
1673 1201 1754 1245 935

283 1265 386 1324 οὐκ
411 1266 852 1340 ἥνυσ”Ἀρτεμιν
877 1265 911 1323 ἁ
934 1267 1154 1339 τλάμων
1170 1287 1180 1297 ·

284 1350 484 1425 ἄγομαι
511 1353 572 1409 δὲ
596 1350 828 1409 θανόντ’
863 1350 1042 1408 ἰδοῦσ’
1073 1350 1299 1409 ἀκοίταν

285 1437 542 1509 τόνέμὸν
566 1436 726 1494 ἅλιον
750 1439 840 1494 ἐπὶ
864 1441 1116 1509 πέλαγος,

285 1522 446 1578 πόλιν
471 1520 519 1577 τ’
550 1520 950 1593 ἀποσκοποῦσ’,
979 1525 1096 1578 ἐπεὶ
1119 1523 1381 1596 νόστιμον

279 1614 418 1672 ναῦς
443 1611 698 1679 ἐκίνησεν
721 1607 864 1664 πόδα
888 1614 986 1663 καί
1003 1605 1060 1679 μ’
1090 1605 1196 1664 ἀπὸ
1222 1615 1321 1680 γᾶς
1669 1623 1755 1667 940

285 1689 486 1763 ὥρισεν
506 1690 732 1758 Ἰλιάδος
747 1712 758 1722 ·

285 1774 520 1848 τάλαιν’,
549 1774 787 1833 ἀπεῖπον
811 1775 967 1849 ἄλγει
987 1796 996 1804 ·

282 1859 382 1917 τὰν
406 1875 525 1917 τοῖν
548 1862 888 1934 Διοσκόροιν
906 1860 1130 1919 Ἑλέναν
1156 1863 1317 1918 κάσιν

273 1943 474 2002 Ἰδαῖόν
499 1970 556 2002 τε
581 1947 789 2019 βούταν

281 2032 576 2103 αἰνόπαριν
599 2033 810 2107 κατάρᾳ
1671 2047 1753 2090 945

281 2113 498 2173 διδοῦσ’
516 2160 530 2187 ,
557 2120 681 2174 ἐπεί
699 2140 765 2189 με
791 2123 890 2189 γᾶς

279 2204 339 2256 ἐκ
366 2201 621 2276 πατρῴας
646 2200 934 2259 ἀπώλεσεν

278 2286 536 2361 ε’ξῴκισέν
561 2284 609 2342 τ’
641 2296 811 2343 οἴκων
837 2288 1022 2359 γάμος,
1053 2285 1119 2343 οὐ
1144 2287 1314 2359 γάμος

281 2363 404 2426 ἀλλ’
433 2369 735 2444 ἀλάστορός
759 2397 839 2437 τις
865 2373 1036 2441 οἰζύς·

278 2451 348 2510 ἂν
371 2455 504 2526 μήτε
531 2459 765 2529 πέλαγος
790 2454 948 2514 ἅλιον
974 2455 1248 2529 ἀπαγάγοι
1274 2466 1459 2528 παλιν,
1668 2473 1751 2517 950

277 2539 412 2612 μήτε
436 2548 695 2617 πατρῷον
719 2539 882 2598 ἵκοιτ’
911 2546 964 2608 ές
989 2542 1160 2598 οἷκον.

94 2629 274 2680 ΠΛΜ.
291 2616 336 2679 τό
362 2624 578 2696 φίλτατ’
608 2625 834 2699 ἀνδρῶν
859 2634 1106 2700 Πρίαμε,
1134 2625 1367 2698 φιλτάτη
1394 2627 1456 2683 δὲ
1479 2625 1549 2682 σύ

270 2706 497 2781 Ἑκάβη,
528 2713 753 2783 δακρύω
782 2709 834 2768 σ’
866 2718 1098 2784 εἰσορῶν
1121 2711 1285 2768 πόλιν
1308 2734 1367 2767 τε
1390 2711 1511 2783 σήν,

281 2793 382 2865 τήν
405 2791 454 2850 τ’
484 2790 683 2868 ἀρτίως
707 2803 1001 2853 θανοῦσαν
1024 2802 1258 2868 ἔκγονον
1283 2797 1467 2852 σέθεν.

279 2897 415 2949 φευ·
