2022 3126
533 95 734 136 ΓΕΝΟΣ
765 96 1110 138 ΕΤΡΙΠΙΔΟΤ
1138 98 1245 139 ΚΑΙ
1275 100 1419 141 ΒΙΟΣ
1707 102 1792 143 VII

167 216 394 282 ἐπιγῆμαι
418 216 473 265 δὲ
503 215 658 266 αὐτὸν
691 217 990 298 δευτέραν,
966 219 1034 284 η“ν
1070 218 1230 286 εὑρών
1261 219 1643 290 άκολαστοτέραν
1673 244 1792 292 προ-

165 284 438 350 χειροτέρως
463 286 532 346 εἰς
568 285 658 350 τὴν
681 281 803 336 κατὰ
825 296 926 338 των
948 298 1205 354 γυναικων
1235 293 1553 377 βλασφημίαν
1577 294 1792 359 ἐθρασύ-
1813 307 1854 341 ⁷⁵

164 372 287 404 νετο.
337 356 394 404 αἱ
413 352 468 404 δὲ
501 361 734 435 γυναῖκες
760 355 1111 445 ἐβουλήθησαν
1146 357 1300 410 αὐτὸν
1332 367 1518 411 κτεῖναι
1542 364 1793 415 εἰσελθοῦ-

164 438 247 472 σαι
282 424 351 483 εἰς
388 416 441 473 τὸ
475 419 715 512 σπήλαιον
749 425 802 476 ἐν
834 446 872 476 ω
907 427 1115 494 γράφων
1139 430 1347 485 διετέλει
1402 430 1709 498 διαβάλλεται
1741 432 1796 484 δὲ

162 490 260 542 ὑπὸ
295 493 495 556 φθόνου
532 504 598 555 ως
633 494 719 545 τὸν
752 499 1126 561 Κηφισοφωντα
1161 493 1256 563 εἶχε
1291 509 1629 565 συμποιοῦντα
1661 500 1795 572 αὐτῷ

162 561 249 621 τὰς
274 564 558 631 τραγῳδίας.
608 563 735 630 λέγει
760 565 816 615 δὲ
838 565 922 615 καὶ
941 567 1222 648 Ἐρμιππος
1249 570 1515 620 Διονύσιον
1537 569 1626 620 τὸν
1649 575 1793 623 Σικε-

161 632 267 691 λίας
302 633 549 698 τύραννον
585 634 706 699 μετὰ
741 634 833 699 τὴν
866 630 1091 701 τελευτὴν
1124 646 1209 689 τοῦ
1245 636 1524 705 Εὐριπίδου
1558 640 1795 692 τάλαντον
1817 661 1857 694 80

161 706 263 760 τοῖς
296 703 614 768 κληρονόμοις
651 701 806 754 αὐτοῦ
839 704 1105 770 πέμψαντα
1142 710 1313 773 λαβεῖν
1336 709 1388 760 τὸ
1413 710 1690 777 ψαλτήριον
1713 712 1796 763 καὶ

162 769 253 834 τὴν
289 770 458 821 δέλτον
482 772 566 822 καὶ
589 771 641 823 τὸ
665 780 928 839 γραφεῖον,
936 775 1079 860 άπερ
1105 777 1274 828 ἰδόντα
1306 784 1530 829 κελεῦσαι
1564 779 1679 840 τούς
1705 780 1794 845 φέ·

161 858 334 905 ροντας
361 840 415 890 ἐν
440 849 505 910 τῷ
530 845 806 893 Μουσῶν
776 852 896 928 ιερῷ
919 841 1186 897 ἀναθεῖναι
1212 846 1552 915 ἐπιγράψαντα
1577 856 1676 910 τοῖς
1700 872 1794 902 αυ-

160 917 249 959 τοῦ
281 929 365 960 και
391 893 670 992 Εὐριπίδου
704 909 923 978 ὀνόμασι.
978 915 1055 965 διὸ
1087 915 1170 965 καὶ
1206 918 1588 982 ξενοφιλώτατον
1620 925 1794 986 κεκλῆ-

161 984 285 1028 σθαι
319 980 442 1042 φασὶ
474 981 556 1030 δια
592 1001 645 1031 το
675 983 883 1047 μάλιστα
915 981 1014 1034 ὑπὸ
1050 985 1204 1047 ξένων
1246 991 1526 1051 φιλεῖσθαι·
1570 988 1668 1040 ὑπὸ
1702 1011 1793 1057 γαρ
1814 1010 1855 1042 85

157 1046 442 1113 Ἀθηναίων
486 1049 761 1114 ἐφθονεῖτο
818 1056 1072 1140 μειρακίου
1115 1055 1171 1106 δέ
1212 1076 1342 1118 τινος
1388 1055 1794 1142 άπαιδευτοτέρου

160 1120 312 1183 στόμα
337 1120 609 1181 δυσῶδες’
590 1121 717 1186 ε’χειν
742 1119 840 1172 ὑπὸ
865 1124 1066 1187 φθόνου
1100 1121 1254 1176 αὐτὸν
1278 1128 1516 1195 εἰπόντος,
1545 1125 1792 1196 (εὐφήμεθ

160 1187 280 1253 ε’φη·
303 1188 513 1276 ξ’μὲλιτος
539 1191 622 1241 καὶ
645 1192 904 1271 Σειρήνων
927 1195 1224 1260 γλυκύτερον
1248 1197 1435 1263 στόμα’.
1453 1215 1457 1218 ·

299 1258 512 1311 ε’σκωπτε
538 1259 593 1310 δὲ
618 1280 701 1322 τας
726 1268 969 1328 γυναῖκας
995 1264 1076 1313 διὰ
1103 1274 1203 1316 των
1225 1268 1510 1332 ποιημάτων
1534 1266 1603 1318 δι’
1631 1271 1794 1321 αἰτίαν

159 1327 366 1379 τοιάνδε.
417 1324 546 1395 εἶχεν
587 1330 826 1397 οἰκογενὲς
863 1333 1116 1399 μειράκιον
1157 1333 1358 1400 ὀνόματι
1391 1342 1789 1403 Κηφισοφῶντα·
1813 1358 1854 1391 90

156 1398 278 1484 πρὸς
314 1407 490 1449 τοῦτον
523 1398 746 1487 ἐφώρασε
780 1401 871 1466 τὴν
902 1404 1090 1454 οικείαν
1121 1411 1333 1471 γυναῖκα
1366 1404 1688 1460 άτακτοῦσαν.
1740 1405 1792 1460 τὸ

156 1465 249 1532 μὲν
274 1463 367 1518 οὗν
390 1477 587 1535 πρῶτον
618 1469 886 1537 ἀπέτρεπεν
917 1471 1239 1538 ἁμαρτάνειν·
1275 1473 1378 1527 ἐπεὶ
1402 1472 1453 1526 δ’
1481 1497 1578 1528 ουκ
1606 1478 1790 1545 ἔπειθε,

158 1536 412 1588 κατέλιπεν
442 1536 578 1608 αὐτῷ
611 1539 702 1605 τὴν
734 1547 974 1613 γυναῖκα,
1010 1543 1310 1609 βουλομένου
1352 1545 1510 1613 αὐτὴν
1544 1547 1670 1613 ἔχειν
1701 1558 1791 1600 τοῦ

158 1610 566 1672 Κηφισοφῶντος.
616 1609 744 1676 λέγει
768 1614 860 1660 οὐν
883 1611 967 1662 καὶ
990 1610 1015 1661 ὅ
1037 1610 1415 1698 Ἀριστοφάνης·

407 1681 720 1742 Κηφισοφῶν
741 1679 908 1745 α’ριστε
931 1681 1018 1731 καὶ
1041 1681 1319 1769 μελάντατε,
1809 1707 1851 1740 25

408 1746 468 1797 σὺ
495 1746 549 1797 δὲ
575 1748 773 1814 ξυνέζης
799 1747 865 1809 ὥς
891 1749 947 1800 τὰ
973 1749 1112 1801 πόλλ’
1123 1750 1391 1839 Εὐριπίδῃ

405 1817 489 1867 καὶ
513 1820 788 1880 συνεποίεις
813 1817 880 1879 ὥς
906 1821 1028 1885 φησὶ
1054 1841 1138 1872 και
1160 1820 1251 1888 τὴν
1258 1826 1530 1912 μελῳδίαν.

155 1885 348 1972 λέγουσι
372 1885 427 1936 δὲ
458 1887 542 1938 καὶ
566 1886 640 1937 ὅτι
676 1894 907 1955 γυναῖκες
934 1890 1015 1939 δια
1051 1891 1164 1952 τοὺς
1199 1893 1389 1959 ψόγους
1424 1894 1511 1956 οὓς
1546 1894 1694 1948 ἐποίει
1719 1899 1787 1959 εἷς

154 1953 308 2016 αυτάς
334 1955 419 2005 δια
446 1964 545 2007 τῶν
568 1977 868 2023 ποιηματων,
893 1966 993 2020 τοῖς
1021 1961 1370 2028 Θεσμοφορίοις
1404 1963 1673 2032 ἐπέστησαν
1695 1965 1787 2017 αὕ-

155 2033 222 2105 τῷ
245 2026 541 2092 βουλόμεναι
563 2025 780 2079 ἀνελεῖν·
817 2028 1073 2091 ἐφείσαντο
1098 2030 1153 2082 δὲ
1187 2030 1342 2084 αυτοῦ
1372 2043 1568 2116 πρῶτον
1590 2035 1682 2101 μὲν
1705 2037 1786 2087 διὰ
1810 2056 1870 2089 100

155 2115 240 2155 τας
267 2096 506 2161 Μούσας,
541 2097 704 2147 ε’πειτα
729 2096 784 2148 δὲ
817 2100 1218 2166 βεβαιωσαμένου
1249 2102 1421 2168 μηκέτι
1443 2125 1595 2166 αυτας
1620 2116 1787 2170 κακως

154 2163 297 2230 ε’ρεῖν.
349 2165 404 2216 έν
426 2175 552 2233 γοῦν
577 2175 636 2234 τῇ
656 2169 970 2254 Μεναλίππῃ
993 2171 1104 2236 περὶ
1127 2170 1296 2224 αὐτων
1319 2172 1433 2224 τάδε
1459 2178 1606 2241 φησί·

403 2237 562 2301 μάτην
585 2235 668 2303 ἄρ’
698 2239 766 2298 εἰς
791 2245 1031 2304 γυναῖκας
1057 2240 1106 2302 ἐξ
1130 2239 1333 2309 ἄνδρων
1355 2244 1512 2330 ψόγος

403 2306 595 2371 ψάλλει,
620 2303 766 2358 κενὸν
790 2308 1012 2393 τόξευμα,
1039 2311 1120 2361 καὶ
1143 2320 1308 2371 κακως
1333 2313 1480 2380 λέγει·

402 2377 459 2424 αἳ
483 2373 532 2426 δ’
560 2373 655 2426 εἴσ’
683 2373 964 2442 ἆμείνους’
937 2378 1175 2447 αρσένων,
1199 2381 1296 2468 ἐγώ
1322 2382 1442 2450 λέγω
1809 2403 1867 2436 105

152 2442 234 2491 καὶ
258 2463 316 2494 τα
343 2444 470 2510 ἓξης.
514 2444 645 2496 οὕτω
672 2446 728 2497 δὲ
750 2445 904 2498 αὐτὸν
922 2449 1160 2516 Φιλήμων
1182 2447 1436 2519 ήγάπησεν
1461 2474 1528 2516 ως
1554 2460 1786 2523 τολμῆσαι

151 2513 260 2579 περὶ
283 2513 439 2565 αὐτοῦ
466 2523 687 2566 τοιοῦτον
710 2519 889 2568 εἰπεῖν·
1757 2552 1761 2556 »

402 2586 447 2636 εἰ
469 2591 574 2645 ταῖς
598 2582 913 2651 άληθείαισιν
949 2591 1000 2639 οἱ
1018 2587 1308 2656 τεθνηκότες

399 2654 642 2719 αἴσθησιν
665 2652 812 2722 εἶχον,
835 2656 1033 2725 ἄνδρες,
1059 2679 1126 2720 ως
1151 2663 1308 2724 φασίν
1332 2681 1480 2729 τινες,

397 2721 739 2791 ἀπηγξάμην
714 2725 781 2776 α“ν
805 2726 924 2777 ὥστ’
953 2729 1081 2780 ἰδεῖν
1104 2728 1402 2798 Εὐριπίδην.
1803 2748 1864 2781 110
