2022 3126
133 306 262 357 ΑΜ.

130 475 258 524 ΜΕ.

129 558 262 608 ΑΜ.

129 643 257 692 ΜΕ.

129 728 262 777 ΑΜ.

130 813 258 861 ΜΕ.

509 79 850 126 ΗΡΑΚΛΗΣ
878 82 1378 132 ΜΑΙΝΟΜΕΝΟΣ
1665 79 1765 134 327

317 217 519 288 χρόνον
543 217 604 272 δὲ
625 216 955 288 μηκύνωμεν
979 215 1132 284 ὅντες
1155 217 1424 285 ἀσθενεῖς.

322 293 366 356 a?
388 300 658 374 θύγατερ,
686 297 838 356 οὗτοι
860 302 1052 375 ῥᾴδιον
1074 302 1139 357 τὰ
1160 304 1341 360 τοιάδε

321 384 545 455 φαύλως
569 390 853 457 περαίνειν
874 385 1236 443 σπουδάσαντ’
1266 386 1401 444 ἄνευ
1425 389 1617 446 πόνου.

316 469 492 540 λύπης
514 491 566 524 τι
593 473 842 542 προσδεῖς
870 466 904 539 ἦ
935 476 1110 537 φιλεῖς
1140 468 1284 524 οὕτω
1315 470 1483 539 quies-3
1717 487 1771 531 90

315 555 406 609 καὶ
430 558 569 628 τῷδε
589 559 759 625 χαίρω
782 555 875 610 καὶ
901 560 1044 626 φιλῶ
1068 554 1162 620 τὰς
1190 559 1428 623 ἐλπίδας.

317 634 494 710 κάγῶ·
543 642 729 694 δοκεῖν
754 639 814 694 δὲ
840 635 1087 711 τάδόκητ’
1120 638 1186 695 οὐ
1210 643 1338 713 χρή,
1370 645 1551 714 γέρον.

319 724 379 778 ἐν
402 735 517 787 ταῖς
541 720 834 794 ἀναβολαῖς
857 729 967 780 τῶν
989 730 1176 780 κακῶν
1201 724 1363 782 ἔνεστ’
1393 724 1513 798 ἄκη.

319 804 348 862 ὁ
373 803 430 862 δ’
463 808 522 862 ἐν
545 808 691 881 μέσῳ
714 829 780 878 με
803 807 1011 878 λυπρὸς
1036 805 1116 864 ῶν
1146 809 1335 866 δάκνει
1358 811 1567 883 χρόνος.

134 897 261 946 ΛΜ.
313 890 527 962 γένοιτό
549 888 674 960 τάν,
703 884 746 945 ῶ
767 892 1041 965 θύγατερ,
1073 890 1260 963 οὔριος
1284 895 1484 967 δρόμος
1721 909 1774 953 95

142 1910 250 1962 XO.

319 978 377 1031 ἐκ
401 981 512 1030 τῶν
536 975 826 1046 παρόντων
848 974 1016 1033 τῶνδ’
1044 980 1164 1050 ἐμοὶ
1186 980 1278 1034 καὶ
1303 982 1390 1035 σοὶ
1414 986 1617 1051 κακῶν,

319 1066 475 1116 ἔλθοι
498 1055 536 1114 τ’
566 1056 631 1114 ἔτ’
660 1056 728 1115 ἂν
753 1073 878 1126 παῖς
902 1059 1098 1134 οὑμός,
1124 1060 1370 1135 εὐνάτωρ
1396 1064 1457 1120 δὲ
1480 1065 1588 1130 σός.

317 1140 435 1198 ἄλλ’
463 1140 692 1214 ἡσύχαζε
713 1147 806 1200 καὶ
831 1147 1210 1219 δακρυρρόους
1233 1151 1442 1204 τέκνων

320 1227 494 1299 πηγὰς
517 1225 742 1299 ἀφαίρει
769 1231 861 1285 καὶ
886 1231 1220 1304 παρευκήλει
1247 1233 1444 1304 λόγοις,

319 1314 627 1369 κλέπτουσα
650 1314 850 1384 μύθοις
876 1313 1108 1382 ἀθλίους
1129 1316 1332 1382 κλοπὰς
1361 1315 1520 1389 ὅμως.
1692 1332 1774 1375 100

321 1396 588 1468 κάμνουσι
614 1398 716 1471 γάρ
739 1421 820 1454 τοι
845 1401 936 1455 καὶ
960 1407 1176 1472 βροτῶν
1199 1406 1261 1458 αἱ
1276 1408 1578 1475 συμφοραί,

321 1484 415 1537 καὶ
437 1480 694 1553 πνεύματ’
723 1480 940 1555 ἀνέμων
964 1483 1066 1541 οὐκ
1092 1482 1177 1542 ἀεὶ
1199 1487 1387 1558 ῥώμην
1411 1493 1518 1558 ἔχει

320 1569 399 1634 [οἵ
415 1562 454 1620 τ’
483 1563 843 1637 εὐτυχοῦντες
868 1568 958 1624 διὰ
981 1572 1170 1636 τέλους
1192 1569 1293 1627 οὐκ
1320 1567 1609 1642 εὐτυχεῖς-Γ

871 1649 1053 1672 2222

320 1653 585 1736 ἐξίσταται
607 1651 711 1723 γὰρ
735 1652 874 1708 πάντ
913 1677 986 1709 απ
1025 1654 1277 1726 αλλήλων
1301 1661 1440 1726 δίχα.

321 1736 479 1799 οὗτος
504 1732 557 1791 δ’
590 1733 729 1809 ἀνὴρ
755 1734 971 1809 ἄριστος
996 1735 1142 1805 ὅστις
1164 1743 1342 1796 ἐλπίσι
1693 1754 1774 1796 105

321 1822 591 1876 πέποιθεν
615 1817 706 1876 ἀεί
714 1839 724 1849 ·
751 1820 809 1876 τὸ
837 1819 890 1878 δ’
918 1819 1145 1895 ἀπορεῖν
1170 1822 1372 1895 ἀνδρὸς
1395 1830 1585 1881 κακοῦ.

323 1901 583 1977 ὑψόροφα
606 1907 858 1977 μέλαθρα
1577 1926 1689 1980 στρ.

327 1991 419 2045 καὶ
442 1989 637 2061 γεραιὰ
662 1988 861 2062 δέμνι’,
887 1989 1027 2063 ἀμφὶ
1051 1992 1307 2066 βάκτροις

325 2079 547 2145 ἔρεισμα
570 2076 830 2146 θέμενος,
856 2076 1087 2148 ἐστάλην
1110 2080 1350 2150 ἰαλέμων

319 2158 465 2229 γόων
489 2155 673 2224 ἀοιδὸς
700 2156 856 2226 [ὥστε
880 2160 1085 2229 πολιὸς]
1110 2159 1279 2234 ὄρνις,
1697 2174 1778 2217 llo

326 2248 456 2298 ἔπεα
480 2242 654 2314 μόνον
676 2246 768 2299 καὶ
793 2244 1004 2317 δόκημα
1025 2245 1384 2319 νυκτερωπὸν

323 2326 570 2398 ἐννύχων
594 2324 845 2401 ὀνείρων,

322 2409 558 2483 τρομερὰ
581 2413 699 2483 μέν,
724 2410 842 2469 ἀλλ’
871 2411 1015 2485 ὅμως
1039 2415 1318 2487 πρόθυμα.

324 2488 367 2550 ῶ
390 2497 547 2551 τέκεα
569 2496 770 2568 πατρὸς
792 2494 1030 2569 ἀπάτορ’,
1057 2492 1101 2554 ῶ

326 2580 510 2651 γεραιὲ
533 2581 604 2636 σύ
628 2604 685 2637 τε
707 2582 934 2638 τάλαινα
957 2589 1062 2653 μᾶ-
1698 2596 1778 2641 115

325 2686 416 2735 τερ
431 2707 445 2734 ,
472 2659 506 2719 ἃ
528 2663 624 2720 τὸν
640 2663 793 2722 Ἀίδα
816 2667 1003 2739 δόμοις

324 2744 488 2804 πόσιν
511 2744 903 2819 ἀναστενάζεις.

650 2848 730 2892 107
745 2869 806 2877 -
823 2850 902 2893 118
923 2861 991 2882 =
1013 2848 1096 2891 119
1109 2848 1267 2893 -129
