2022 3126
107 832 216 881 XO-

790 97 1110 144 HAEKTPA
1657 97 1758 149 255

295 232 440 292 ὥσθ’
468 239 530 292 ἕν
554 233 609 307 γ’
639 231 726 290 ἐπ’
754 228 899 306 ἦμαρ
924 233 1126 290 τούσδε
1151 241 1438 308 πληρῶσαι
1462 247 1648 312 βορᾶς.
1675 256 1756 297 425

291 324 350 375 ἐν
373 333 486 384 τοῖς
510 318 779 383 τοιούτοις
803 316 856 374 δ’
885 315 1033 389 ἡνίκ’
1062 315 1131 374 ἂν
1154 321 1374 393 γνώμης
1397 326 1564 394 πέσω,

292 410 477 460 σκοπῶ
500 402 566 459 τὰ
587 401 830 475 χρήμαθ’
861 400 933 468 ὡς
957 409 1065 474 ἔχει
1088 407 1227 475 μέγα
1251 408 1468 478 σθένος,

297 496 479 559 φίλοις
505 512 563 544 τε
588 493 786 544 δοῦναι
810 488 965 559 σῶμα
988 486 1038 542 τ’
1069 494 1146 553 είς
1169 489 1339 545 νόσον
1361 491 1533 548 πεσὸν

294 572 592 629 δαπάναισι
617 578 817 628 σῶσαι·
845 577 941 644 τῆς
965 569 1018 628 δ’
1048 570 1141 644 ἐφ’
1172 571 1383 644 ἡμέραν
1408 583 1577 649 βορᾶς

295 664 369 723 εἰς
394 655 594 728 μικρὸν
618 654 764 728 ἥκει·
797 663 903 721 πᾶς
925 656 1029 727 γὰρ
1057 659 1391 729 ἐμπλησθεὶς
1418 659 1557 733 ἀνὴρ
1674 676 1758 718 430

289 740 317 798 ὁ
343 741 602 807 πλούσιός
627 765 684 797 τε
706 738 783 813 χω
809 743 978 813 πένης
1003 749 1124 796 ἴσον
1149 745 1323 814 φέρει.

286 829 500 882 κλειναὶ
523 833 679 897 νᾶες,
708 830 771 882 αἴ
787 823 909 881 ποτ’
939 832 1136 898 ἔμβατε
1168 834 1370 899 Τροίαν
1546 849 1661 900 στρ.

289 924 401 976 τοῖς
423 909 742 983 ἀμετρήτοις
767 914 1010 983 ἐρετμοῖς

288 1013 602 1067 πεμπουσαι
623 994 824 1067 χοροὺς
848 994 982 1067 μετὰ
1004 996 1305 1069 Νηρῄδων,

289 1077 363 1136 ἵν’
392 1077 420 1136 ὃ
446 1086 714 1151 φίλαυλος
740 1086 938 1136 ἔπαλλε
965 1085 1092 1136 δελ·
1674 1099 1756 1141 435

290 1166 383 1235 φὶς
412 1165 659 1240 πρῴραις
684 1165 1085 1237 κυανεμβόλοις

289 1249 679 1321 εἱλισσόμενος,

287 1335 546 1405 πορεύων
571 1333 669 1390 τὸν
692 1341 786 1399 τᾶς
813 1337 1037 1399 Θέτιδος

287 1425 504 1490 κοῦφον
529 1416 673 1490 ἅλμα
697 1425 886 1475 ποδῶν
904 1417 1085 1491 Ἀχιλῆ

287 1502 392 1559 σὺν
414 1501 778 1575 Ἀγαμέμνονι
813 1510 1024 1575 Τρωίας
1672 1521 1754 1565 440

286 1591 374 1643 ἐπὶ
404 1593 780 1659 Σιμουντίδας
804 1586 984 1654 ἀκτάς.

285 1678 545 1746 Νηρῇδες
571 1671 624 1729 δ’
652 1672 932 1744 Εὐβοῖδας
959 1672 1124 1739 ἀκτὰς
1148 1681 1406 1732 λιποῦσαι
1528 1675 1645 1735 ἀντ.

279 1755 581 1828 τΗφαίστου
604 1760 857 1829 χρυσέων
881 1757 1142 1830 ἀκμόνων

286 1843 533 1913 μόχθους
556 1840 820 1907 ἀσπιστὰς
844 1849 1049 1915 ἔφερον
1072 1848 1323 1915 τευχέων-

287 1924 393 1982 dmi
417 1950 475 1982 τε
498 1927 714 1998 Πήλιον
739 1924 844 1983 ἀνά
869 1951 926 1983 τε
951 1925 1098 1999 πρύ-
1669 1945 1752 1986 445

284 2035 423 2083 μνας
436 2009 640 2076 ’Ὄσσας
666 2011 814 2084 ἱερὰς
842 2012 1036 2083 νάπας,

282 2103 590 2167 Νυμφαίας
616 2097 863 2167 σκοπιάς,

283 2180 450 2252 κόρας
474 2180 725 2253 μάτευσ’,
753 2189 893 2238 ἔνθα
919 2184 1095 2254 πατὴρ

288 2266 515 2331 ἱππότας
538 2269 741 2338 τρέφεν
762 2264 980 2323 Ἑλλάδι
1005 2276 1122 2339 φῶς

287 2351 510 2416 Θέτιδος
539 2351 780 2407 εἰνάλιον
803 2352 990 2424 γόνον,
1669 2367 1751 2408 450

285 2433 597 2508 ταχύπορον
623 2434 749 2492 πόδ’
778 2434 1094 2505 Ἀτρείδαις.

278 2515 510 2576 Ἰλιόθεν
539 2520 592 2575 δ’
622 2522 821 2577 ἔκλυόν
844 2546 992 2588 τινος
1017 2528 1075 2580 ἐν
1098 2524 1313 2595 λιμέσιν
1549 2541 1661 2594 στρ.

282 2610 624 2660 Ναυπλίοισι
647 2613 890 2677 βεβῶτος

283 2694 376 2752 τας
400 2695 497 2755 σᾶς
514 2732 530 2756 ‚
557 2682 600 2744 ὦ
625 2694 851 2757 Θέτιδος
872 2705 986 2763 παῖ,

605 2788 689 2832 432
706 2810 767 2816 -
782 2790 864 2832 441
893 2812 962 2831 2
986 2790 1071 2832 442
1085 2810 1148 2849 7-
1161 2790 1243 2834 451

605 2872 690 2914 452
703 2894 764 2900 —
779 2875 862 2916 463
884 2892 956 2914 =
977 2874 1062 2917 464
1075 2896 1136 2903 -
1149 2874 1234 2919 475
