2022 3126
772 88 1205 137 ΗΡΑΚΛΕΙΔΑΙ

315 215 444 284 μηδ’
474 214 606 270 άλλο
628 216 799 286 μηδεν
804 224 911 302 τῆς
931 225 1060 288 ἐμῆς
1078 228 1254 307 ψυχῆς
1274 228 1396 292 πέρι

317 284 537 349 λέξονθ’
562 284 701 340 όθεν
720 285 821 374 χρὴ
844 292 1051 342 δειλίαν
1066 288 1267 377 ὀφλεῖν
1286 315 1426 347 τινα.

320 354 425 438 ἐγώ
452 356 511 409 δὲ
533 367 712 418 νεῖκος
732 355 834 425 ούχ
853 356 995 411 ἑκών
1015 358 1132 413 τόδ’
1156 359 1400 445 ήράμην

314 421 417 494 ῄδη
439 445 500 492 γε
521 427 606 478 σοὶ
627 426 727 493 μὲν
748 426 1077 492 αὐτανέψιος
1096 431 1285 501 γεγώς,

320 498 394 564 τῷ
415 498 494 580 σῷ
515 494 574 547 δε
596 497 747 548 παιδὶ
768 496 1040 583 συγγενὴς
1063 497 1393 573 Ηρακλέει.

318 549 440 616 ἀλλ’
457 549 564 616 εἴτ’
589 567 810 647 έχρῃζον
831 573 937 619 εἴτε
940 567 1058 655 ,μή,
1080 568 1213 633 θεὸς
1233 571 1350 653 γὰρ
1359 565 1445 641 ἦν,

300 630 441 698 Ἥρα
460 653 525 719 με
545 633 775 702 κάμνειν
795 635 951 704 τήνδ’
978 641 1145 725 ἔθηκε
1165 638 1265 708 τὴν
1284 639 1470 696 νόσον.

314 702 426 754 ἐπεὶ
449 699 501 755 δ’
525 704 714 788 ἐκείνω
736 706 1115 793 δυσμένειαν’
1084 709 1301 778 ηράμην

313 768 537 838 κάγνων
556 770 743 840 άγωνα
761 773 914 829 τόνδ’
939 773 1370 863 ἀγωνιούμενος,

312 846 533 894 πολλῶν
558 842 820 928 σοφιστὴς
842 848 1104 914 πημάτων
1124 850 1422 937 ἐγιγνόμην

315 910 403 962 καὶ
426 908 585 964 πόλλ’
616 916 827 966 ἔτικτον
847 918 1006 969 νυκτὶ
1032 924 1337 972 συνθακῶν
1363 918 1446 974 άει

312 977 460 1042 ὅπως
481 979 683 1066 διώσας
706 984 796 1035 και
815 992 1168 1051 κατακτείνας
1191 988 1355 1056 ἐμοὺς

308 1048 544 1116 ἐχθροὺς
565 1049 624 1103 τὸ
649 1050 847 1105 λοιπὸν
865 1053 936 1121 μὴ
957 1062 1281 1142 συνοικοίην
1292 1058 1480 1144 φόβῳ,

309 1118 464 1181 ειδως
484 1141 583 1204 μεν
605 1118 707 1174 οὐκ
728 1119 974 1205 ἀριθμὸν
995 1123 1117 1180 ἀλλ’
1142 1129 1421 1197 ἐτητύμως

309 1183 468 1271 άνδρ’
493 1186 628 1243 ὄντα
648 1189 746 1244 τὸν
768 1190 869 1246 σὸν
886 1198 1077 1248 παιδα·
1102 1202 1301 1282 καίπερ
1330 1199 1527 1285 ἐχθρὸς
1553 1222 1631 1254 ων

307 1252 598 1312 ἀκούσεται
639 1263 746 1329 γὰρ
788 1262 959 1317 ε’σθλα
980 1263 1214 1351 χρηστὸς
1234 1263 1313 1320 n'a'v
1333 1267 1492 1358 ἀνήρ.

308 1331 496 1380 κείνου
515 1325 567 1381 δ’
592 1326 1040 1413 άπαλλαχθέντος
1061 1333 1164 1389 ούκ
1187 1338 1378 1407 ἐχρῆν
1372 1339 1428 1392 α’
1457 1338 1562 1406 α’ρα

307 1396 646 1474 μισούμενον
667 1398 804 1468 πρὸς
827 1406 1001 1456 τωνδε
1022 1406 1112 1458 και
1132 1408 1422 1469 ξυνειδότα

306 1468 512 1554 ἔχθραν
532 1470 816 1554 πατρῴαν,
840 1470 1016 1525 πάντα
1037 1480 1256 1543 κινῆσαι
1278 1479 1496 1559 πέτρον

305 1540 588 1590 κτείνοντα
609 1536 988 1627 κάκβάλλοντα
1008 1544 1097 1597 καὶ
1119 1546 1496 1631 τεχνώμενον·
1483 1589 1497 1614 ,

309 1611 535 1659 τοιαῦτα
555 1610 759 1694 §pcepta
780 1606 904 1679 τάμ’
929 1612 1161 1680 ἐγίγνετ’
1183 1614 1418 1703 ἀσφαλῆ.

302 1670 513 1728 ούκουν
533 1678 601 1730 σύ
624 1675 677 1745 γ’
702 1674 771 1731 ἂν
791 1686 1041 1750 λαβοῦσα
1059 1705 1153 1747 τας
1174 1685 1302 1754 έμας
1321 1688 1486 1756 τύχας

301 1747 510 1829 εχθροῦ
530 1749 750 1830 λέοντος
771 1752 1014 1836 δυσμενῆ
1035 1757 1386 1841 βλαστήματα

300 1811 579 1882 ἤλαυνες
557 1838 626 1869 αν
647 1830 924 1890 κακοισιν,
945 1817 1084 1875 ἄλλα
1104 1825 1411 1908 σωφρόνως

300 1890 498 1954 είασας
504 1889 675 1940 οἰκεῖν
690 1862 924 1976 '‘Apy033
943 1889 1120 1945 ούτιν’
1151 1915 1220 1946 αν
1242 1903 1444 1960 πίθοις.

300 1958 408 2005 νῦν
429 1955 533 2007 οὐν
554 1956 741 2040 ἐπειδή
762 1955 821 2026 μ’
846 1957 914 2012 οὐ
939 1961 1210 2016 διωλεσαν
1229 1963 1349 2019 τότε

299 2021 634 2110 πρόθυμον’
615 2024 776 2096 όντα,
799 2039 974 2083 τοισιν
998 2027 1272 2114 Ελλήνων
1291 2035 1483 2120 νόμοις

302 2090 403 2160 ούχ
429 2089 598 2181 ἁγνός
619 2100 725 2164 εἰμι
747 2102 821 2170 τῷ
841 2099 1101 2155 κτανόντι
1121 2106 1442 2159 κατθανών·

299 2161 457 2225 πόλις
485 2165 532 2217 δ’
551 2161 730 2233 ἀφῆκε
750 2175 1146 2256 σωφρονοῦσα,
1168 2174 1267 2227 τὸν
1287 2174 1427 2229 θεὸν

297 2234 479 2314 μεῖζον
499 2237 692 2287 τίουσα
710 2242 804 2304 τῆς
824 2239 953 2306 ἐμῆς
974 2214 1175 2310 ἕχθράς
1195 2243 1398 2312 [πολύ].

299 2297 333 2351 ἅ
339 2298 404 2384 γ’
431 2308 583 2365 εἰπας
604 2301 972 2387 ἀντήκουσας
997 2312 1265 2365 ἐντευθεν
1285 2314 1343 2367 δὲ
1359 2314 1461 2384 χρὴ

297 2368 394 2422 τὸν
415 2372 826 2461 προστρόπαιον
846 2377 943 2431 τόν
963 2400 1020 2431 τε
1041 2393 1300 2448 γενναιον
1321 2391 1524 2438 καλειν.

298 2436 442 2492 ούτω
465 2461 525 2509 γε
544 2443 731 2510 μέντοι
751 2443 875 2512 τάμ’
901 2451 1033 2515 ἔχει·
1056 2458 1255 2504 θανεῖν
1275 2451 1376 2521 μὲν
1394 2451 1462 2507 ού

295 2509 498 2579 χρῄζω,
522 2511 700 2565 λιπων
721 2511 774 2566 δ’
799 2537 868 2568 αν
888 2517 1056 2572 οὐδὲν
1077 2516 1351 2604 ἀχθοίμην
1372 2529 1511 2593 βίον.

126 2580 222 2630 XO
295 2581 620 2663 παραινέσαι
639 2597 726 2636 σοι
751 2589 1013 2676 σμικρόν,
1039 2586 1339 2677 Ἀλκμήνη,
1361 2595 1528 2664 θέλω,

293 2645 393 2700 τὸν
409 2645 575 2733 άνδρ’
606 2649 828 2719 αφεϊναι
847 2656 1001 2711 τόνδ’
1007 2660 1161 2725 ,ἐπεὶ
1182 2661 1339 2715 πόλει
1361 2666 1526 2719 δοκεῖ.

126 2721 224 2767 ΑΛ
298 2737 348 2769 τι
340 2714 442 2785 δ’,
466 2714 542 2805 ἢν
554 2720 703 2805 θάνῃ
725 2744 782 2776 τε
801 2726 891 2778 καὶ
911 2729 1065 2781 πόλει
1086 2730 1412 2800 πιθώμεθας

125 2787 238 2837 XO.
296 2783 360 2838 τὰ
380 2784 542 2840 λωστ’
576 2785 646 2843 ἄν
667 2798 775 2860 εἰή·
799 2813 913 2859 πως
931 2794 1053 2851 τάδ’
1077 2801 1181 2851 οὐν
1200 2800 1515 2885 γενήσεται;

126 2858 240 2906 ΑΛ.
297 2852 401 2924 ἐγω
419 2842 625 2922 διδάξω
647 2862 872 2932 ρᾳδίως·
894 2871 1174 2921 κτανοῦσα
1192 2867 1298 2938 γὰρ

1697 94 1798 146 319

1712 658 1799 702 990

1710 1010 1795 1053 995

1683 1358 1789 1401 1000

1680 1707 1692 1747 1
1703 1708 1786 1748 005

1679 2056 1786 2097 1010

1674 2402 1781 2444 1015

1673 2750 1780 2792 1020
