2022 3126
130 1235 218 1284 XO

803 80 1168 126 ΑΛΚΗΣΤΙΣ
1709 78 1775 129 19

312 221 547 292 πάρεστε
574 220 667 273 καὶ
689 219 945 288 μένοντες
975 216 1310 287 ἀντηχήσατε

311 310 514 359 παιᾶνα
540 308 613 376 τῷ
639 301 894 356 κάτωθεν
917 298 1176 375 ἀσπόνδςο
1200 308 1333 376 θεῷ.

311 393 476 443 πᾶσιν
502 386 562 442 δὲ
588 392 949 441 Θεσσαλοῖσιν
982 377 1061 439 ὧν
1086 384 1191 456 ἐγώ
1218 394 1400 457 κρατῶ
1696 404 1776 445 425
1840 436 1843 439 .

311 473 556 536 πένθους
581 468 844 540 γυναικὸς
867 473 1032 539 τῆσδε
1056 476 1389 527 κοινοῦσθαι
1414 474 1555 544 λέγω

311 560 490 628 κουρᾷ
513 554 738 626 ξυρήκει
763 556 855 609 καὶ
878 560 1230 626 μελαγχίμοις
1254 557 1480 621 πέπλοις
1496 575 1507 585 ·

309 639 587 710 τέθριππά
611 636 674 693 θ’
702 644 756 694 οἳ
780 637 1090 708 ζεύγνυσθε
1114 641 1205 693 καὶ
1229 640 1591 712 μονάμπυκας

308 724 552 791 πώλους,
579 722 788 796 σιδήρῳ
812 720 1020 793 τέμνετ’
1051 720 1303 794 αὐχένων
1326 725 1527 796 φόβην.

309 805 498 863 αὐλῶν
529 807 590 863 δὲ
614 807 686 878 μὴ
712 805 822 862 κατ’
850 805 1015 877 ἄστυ,
1044 806 1116 879 μὴ
1143 807 1314 879 λύρας
1338 809 1544 874 κτύπος
1697 823 1779 867 430

312 898 448 948 ἔστω
473 890 703 962 σελήνας
728 889 918 947 δώδεκ’
948 895 1419 965 ἐκπληρουμένας’

317 975 385 1032 οὐ
408 976 512 1048 γάρ
537 974 634 1031 τιν’
664 974 834 1032 ἄλλον
865 981 1129 1049 φίλτερον
1151 977 1318 1044 θάψω
1342 977 1546 1049 νεκρὸν

311 1059 466 1116 τοῦδ’
505 1058 628 1116 οὐδ’
659 1059 897 1132 ἀμείνον’
927 1067 1003 1126 είς
1029 1059 1103 1132 ἔμ’
1122 1080 1134 1091 ·
1160 1059 1283 1128 ἀξία
1309 1064 1372 1118 δέ
1397 1087 1489 1134 μοι

309 1151 498 1216 τιμᾶν,
525 1147 642 1200 ἐπεὶ
666 1147 926 1217 τέτληκεν
954 1146 1076 1202 ἀντ’
1110 1152 1246 1220 ἐμοῦ
1274 1158 1491 1206 θανεῖν.

311 1222 355 1285 ὦ
377 1237 587 1286 Πελίου
612 1230 878 1300 θύγατερ,
963 1303 982 1309 κ
1492 1250 1605 1303 στρ.
1694 1245 1776 1288 435

309 1315 577 1385 χαίρουσά
607 1322 700 1385 μοι
726 1317 807 1370 εἰν
824 1309 975 1370 Ἀίδα
1003 1313 1255 1385 δόμοισιν

307 1399 404 1455 τὸν
430 1397 657 1454 ἀνᾶλιον
689 1399 842 1454 οἷκον
869 1399 1180 1464 οἰκετεύοις.

310 1493 439 1539 ι”στω
456 1481 507 1538 δ’
531 1481 711 1548 Ἀίδας
738 1482 1139 1554 ὁμελαγχαίτας
1152 1482 1284 1548 θεὸς
1310 1481 1368 1548 ὅς
1392 1481 1431 1538 τ’
1453 1486 1541 1540 ἐπὶ
1564 1483 1724 1557 κώπᾳ

311 1573 561 1641 πηδαλίῳ
587 1591 642 1623 τε
675 1570 852 1640 γέρων
1693 1582 1777 1623 440

309 1652 690 1723 νεκροπομπὸς
717 1657 830 1723 ἵζει,

309 1737 452 1792 πολὺ
479 1735 547 1807 δὴ
579 1736 721 1792 πολὺ
750 1736 817 1808 δὴ
843 1735 1056 1808 γυναῖκ’
1085 1735 1314 1809 ἆρίσταν

310 1827 510 1891 λίμναν
527 1819 876 1893 Ἀχεροντίαν
899 1823 1106 1891 πορεύ-

307 1926 404 1970 σας
429 1905 592 1980 ἐλάτα
616 1907 858 1981 δικώπςο.

309 1991 485 2046 πολλά
508 2010 569 2046 σε
593 1992 932 2062 μουσοπόλοι
1488 1990 1602 2047 σἰντ.
1691 2006 1775 2048 445

308 2077 579 2145 μέλψουσι
603 2074 727 2131 καθ’
757 2075 1058 2132 ἑπτάτονόν
1084 2075 1121 2132 τ’
1151 2076 1341 2148 ὀρείαν

306 2161 472 2231 χέλυν
497 2166 558 2216 ἔν
582 2158 621 2215 τ’
650 2158 878 2230 ἀλύροις
900 2164 1154 2227 πλέοντες
1176 2160 1388 2233 ὕμνοις,

308 2245 540 2318 Σπάρτα
560 2245 763 2309 κύκλος
774 2244 934 2300 ἁνίκα
945 2253 1222 2315 Καρνείου
1243 2255 1611 2316 περινίσσεται
1632 2242 1775 2313 ὥρας

307 2328 476 2400 μηνὸς
502 2327 823 2401 ἀειρομένας
1693 2344 1777 2384 450

305 2406 593 2484 παννύχου
618 2414 867 2484 σελάνας,
1718 2416 1723 2420 ’

307 2504 597 2569 λιπαραῖσί
613 2497 652 2553 τ’
682 2503 742 2554 ἐν
767 2497 980 2570 ὀλβίαις
997 2497 1273 2565 Ἀθάναις.

308 2589 462 2638 τοίαν
487 2589 667 2650 ε”λιπες
690 2590 948 2640 θανοῦσα
970 2592 1105 2655 μολ-

307 2665 417 2721 πὰν
440 2671 650 2737 μελέων
675 2665 901 2733 ἀοιδοῖς.

311 2747 413 2805 εἴθ’
443 2748 520 2806 ἐπ’
550 2754 668 2824 ἐμοὶ
693 2752 794 2822 μὲν
821 2761 921 2825 εἴη,
1487 2771 1600 2824 στρ.
1690 2762 1769 2806 455

627 2850 709 2892 435
727 2869 801 2875 -
817 2851 901 2893 444
913 2864 980 2885 Ξ
993 2851 1076 2893 445
1093 2871 1155 2880 a*
1171 2852 1256 2895 454

1419 2919 1491 2964 σῃ
