2022 3126
770 528 1435 584 ΕΥΡΙΠΙΔΟΥ

291 679 920 747 ΗΡΑΚΛΗΣ
983 681 1896 754 ΜΑΙΝΟΜΕΝΟΣ.

269 1062 396 1111 ΑΜ.
461 1062 552 1121 Τίς
578 1053 674 1112 τὸν
697 1055 834 1122 Διὸς
858 1058 1195 1130 σύλλεκτρον
1219 1056 1322 1115 οὐκ
1347 1058 1498 1114 οἶδεν
1526 1062 1758 1130 βροτῶν,

447 1137 694 1212 Ἀργεῖον
717 1137 1106 1215 Ἀμφιτρύων’,
1139 1142 1204 1200 ὃν
1229 1143 1476 1208 Ἀλκαῖός
1507 1163 1637 1199 ποτε

454 1223 630 1295 ἔτιχθ’
658 1221 686 1280 ὁ
709 1229 991 1299 Περσέως,
1017 1230 1222 1299 πατέρα
1246 1225 1396 1284 τόνδ’
1417 1224 1777 1298 Ηρακλέους;

456 1307 514 1375 ὃς
538 1310 702 1366 τάσδε
729 1311 911 1382 Θήβας
936 1319 1108 1384 ἔσχεν,
1141 1310 1264 1369 ἔνθ’
1295 1310 1322 1368 ὁ
1347 1310 1583 1418 γηγενὴς

454 1402 712 1467 σπαρτῶν
740 1396 938 1467 στάχυς
964 1403 1241 1470 ἔβλαστεν,
1271 1390 1349 1453 ῶν
1375 1400 1573 1468 γένους
1591 1393 1760 1468 ’Ἀρης
1892 1410 1919 1452 b

454 1478 615 1536 ε”σωσ
645 1478 889 1552 ἀριθμὸν
913 1480 1119 1554 ὀλίγον,
1145 1490 1201 1539 οἳ
1221 1483 1455 1553 Κάδμου
1483 1481 1645 1537 πόλιν

453 1572 708 1621 τεκνοῦσι
738 1571 955 1622 παίδων
981 1575 1188 1624 παισίν.
1242 1573 1410 1623 ἔνθεν
1435 1568 1600 1637 ἐξέφυ

452 1652 649 1722 Κρέων
673 1654 996 1718 Μενοικέως
1022 1666 1164 1723 παῖς,
1192 1650 1324 1718 ἄναξ
1351 1656 1515 1724 τῆσδε
1538 1649 1758 1722 χθονός.

452 1737 650 1806 Κρέων
675 1736 736 1791 δὲ
758 1737 1024 1809 Μεγάρας
1047 1742 1211 1809 τῆσδε
1241 1744 1489 1809 γίγνεται
1514 1735 1708 1807 πατήρ,

457 1818 525 1890 ἢν
555 1820 752 1886 πάντες
777 1819 1087 1893 ὑμεναίοισι
1111 1828 1387 1894 Καδμεῖοί
1405 1844 1535 1878 ποτε
1865 1830 1919 1874 10

453 1911 607 1979 λωτῷ
637 1905 1089 1978 συνηλάλαξαν,
1062 1905 1200 1978 ηνίκ’
1231 1913 1306 1972 εἰς
1331 1904 1495 1978 ε’μους

456 1989 707 2061 δόμους
684 2015 712 2046 ο
737 1992 951 2057 κλεινὸς
975 1990 1243 2063 Ἡρακλῆς
1266 2015 1357 2047 νιν
1380 1988 1557 2062 ἤγετο.

453 2074 630 2130 λιπών
655 2076 716 2131 δὲ
741 2076 949 2148 Θήβας,
983 2078 1049 2132 οὐ
1078 2082 1432 2151 κατωκίσθην
1457 2073 1579 2146 ἐγώ,

453 2161 727 2234 Μεγάραν
749 2184 806 2216 τε
830 2162 995 2233 τήνδε
1019 2158 1330 2233 πενθερούς
1358 2183 1415 2216 τε
1439 2173 1564 2224 παῖς
1589 2154 1713 2229 ἐμὸς

452 2244 665 2319 Ἀργεῖα
689 2252 837 2318 τείχη
861 2248 953 2301 καὶ
978 2252 1317 2302 Κυκλωπίαν
1342 2245 1504 2301 πόλιν
1863 2253 1918 2297 15

457 2329 678 2403 ὠρέξατ’
700 2336 890 2401 οἰκεῖν,
920 2328 990 2402 ἣν
1014 2330 1119 2402 ε’γῶ
1148 2331 1337 2403 φεύγω
1363 2328 1581 2385 κτανῶν

449 2414 855 2487 Ἠλεκτρύωνα·
884 2415 1171 2487 συμφορὰς
1196 2416 1256 2472 δὲ
1280 2414 1373 2480 τὰς
1399 2414 1527 2486 ἐμὰς

455 2504 821 2574 ἐξευμαρίζων
844 2503 936 2556 καὶ
958 2501 1171 2572 πάτραν
1199 2506 1372 2557 οἰκεῖν
1399 2501 1600 2566 θέλων,

452 2586 702 2642 καθόδου
734 2591 930 2642 δίδωσι
952 2584 1156 2657 μισθὸν
1179 2584 1475 2656 Εὐρυσθεῖ
1492 2585 1682 2655 μέγαν,

453 2674 786 2743 ἐξημερῶσαι
810 2685 989 2744 γαῖαν,
1018 2668 1128 2726 εἴθ’
1150 2667 1321 2743 ‘'Hpag
1345 2667 1453 2725 ὕπο
1862 2675 1912 2718 20

453 2759 698 2828 κέντροις
723 2760 1025 2830 δαμασθεὶς
1051 2764 1157 2811 εἴτε
1181 2761 1278 2811 τοῦ
1302 2753 1480 2827 χρεῶν
1503 2754 1650 2825 μέτα.

455 2844 547 2898 καὶ
570 2842 698 2908 τοὺς
721 2844 822 2915 μὲν
852 2841 1050 2907 ἄλλους
1075 2837 1439 2912 ἐξεμόχθησεν
1467 2837 1689 2902 πόνους,
