2022 3126
274 105 376 154 262

276 251 397 301 HA.

280 337 386 385 ΟΡ.

274 421 398 470 HA.

275 506 388 554 ΠΡ.

277 591 398 640 ΗΛ.

277 762 390 810 ΠΡ.

276 846 401 894 ΗΛ.

277 932 337 980 Π
335 932 390 980 Ρ.

277 1016 400 1066 ΗΛ.

278 1102 392 1150 ΠΡ.

279 1187 401 1236 HA.

279 1273 392 1321 ΠΡ.

281 1357 403 1406 ΗΛ.

286 1445 336 1492 Π
339 1444 394 1491 Ρ.

283 1528 403 1578 HA.

289 1615 339 1662 Π
341 1615 395 1662 Ρ.

285 1700 405 1748 HA.

285 1786 341 1833 Π
342 1785 396 1832 Ρ.

285 1870 406 1919 HA.

289 1957 346 2004 Π
345 1955 399 2003 Ρ.

288 2040 409 2089 HA.

295 2126 398 2174 ΟΡ.

289 2212 402 2260 ΠΡ.

295 2297 400 2345 ΟΡ.

291 2377 412 2426 HA.

295 2460 400 2507 ΟΡ.

293 2539 412 2588 HA.

297 2621 402 2670 ΟΡ.

300 2784 407 2832 ΟΡ.

300 2864 419 2912 HA.

950 101 1050 146 HA
1056 100 1145 145 ΕΚ
1151 99 1274 145 ΤΡΑ

466 240 572 315 ἐγῶ
601 241 780 313 φόνον
803 263 867 312 γε
892 238 1096 311 μητρὸς
1121 240 1499 309 ἐξαρτύσομαι.

467 329 560 383 καὶ
583 325 697 398 μὴν
722 325 905 381 ἐκεῖνά
930 322 983 397 γ’
1013 321 1046 395 ἡ
1074 323 1209 394 τύχη
1234 322 1399 394 θήσει
1421 328 1618 388 καλῶς.

469 410 811 484 ὑπηρετείτω
835 410 938 481 μὲν
963 415 1127 465 δυοῖν
1152 405 1337 464 ὄντοιν
1363 407 1477 464 ὅδε.

469 505 619 553 ἔσται
643 493 787 551 τάδ’·
816 492 1090 565 εὑρίσκεις
1117 494 1178 549 δὲ
1201 495 1365 564 μητρὶ
1390 499 1506 558 πῶς
1529 493 1733 564 φόνους
1856 505 1943 551 650

468 585 580 654 λέγ’
611 580 656 640 ῶ
698 581 885 653 γεραιὲ
910 580 1040 635 τάδε
1057 578 1522 652 Κλυταιμνήστρᾳ
1541 578 1753 649 μολών·

468 666 609 738 λεχώ
633 663 681 738 μ’
713 662 1018 737 ἀπάγγελλ’
1051 656 1227 719 οῦσαν
1251 661 1481 735 ἄρσενος
1506 664 1690 719 τόκου.

468 752 673 823 πότερα
697 751 865 807 πάλαι
889 755 1161 805 τεκοῦσαν
1183 745 1218 820 ἢ
1241 749 1441 804 νεωστὶ
1464 747 1557 818 δή;

469 835 586 910 λέγ’
613 835 830 909 ἡλίους,
859 840 919 892 ἐν
942 832 1087 890 οἷσιν
1112 831 1338 905 ἁγνεύει
1362 833 1519 904 λεχώ.

476 925 569 978 καὶ
595 921 663 994 δὴ
688 928 747 977 τί
764 928 926 976 τοῦτο
953 921 1118 992 μητρὶ
1142 918 1477 991 προσβάλλει
1502 918 1711 989 φόνον;
1864 930 1946 974 655

470 1006 588 1079 ἥξει
617 1004 866 1063 κλύουσα
890 1002 1033 1076 λόχι’
1062 1008 1196 1076 ἐμοῦ
1221 1003 1521 1074 νοσήματα.

471 1094 678 1159 πόθεν;
707 1098 765 1147 τί
786 1089 838 1147 δ’
870 1088 1010 1164 αὐτῇ
1035 1095 1136 1146 σοῦ
1162 1091 1350 1160 μέλειν
1376 1094 1586 1158 δοκεῖς,
1615 1090 1837 1152 τέκνον;

471 1185 590 1235 ναί·
618 1179 711 1233 καὶ
737 1176 1003 1247 δακρύσει
1029 1172 1081 1246 γ’
1112 1171 1295 1245 ἀξίωμ’
1326 1177 1474 1244 ἐμῶν
1496 1173 1692 1229 τόκων.

471 1273 601 1328 ἴσως
617 1282 628 1292 ·
661 1261 829 1318 πάλιν
854 1284 936 1316 τοι
961 1267 1150 1332 μῦθον
1179 1265 1253 1324 εἰς
1278 1258 1500 1330 καμπὴν
1524 1255 1639 1328 ἆγε.

475 1353 721 1405 ἐλθοῦσα
747 1348 934 1418 μέντοι
961 1351 1134 1416 δῆλον
1161 1342 1234 1408 ὡς
1258 1341 1583 1399 ἀπόλλυται.
1734 1364 1736 1366 ·
1867 1355 1952 1397 660

475 1437 568 1491 καὶ
592 1433 702 1506 μὴν
727 1430 812 1487 ἐπ’
843 1428 1012 1496 αὐτάς
1041 1427 1093 1501 γ’
1124 1435 1307 1485 εἰσίτω
1335 1429 1523 1499 δόμων
1547 1428 1741 1491 πύλας.

473 1520 687 1577 οὔκουν
712 1519 1020 1589 τραπέσθαι
1044 1512 1281 1586 σμικρὸν
1307 1520 1383 1579 εἰς
1399 1510 1594 1569 Ἅιδου
1618 1511 1775 1579 τόδε;

479 1612 528 1662 εί
551 1604 655 1677 γὰρ
682 1602 914 1673 θάνοιμι
939 1599 1093 1657 τοῦτ’
1124 1598 1263 1656 ι’δῶν
1289 1599 1396 1671 ἐγώ
1421 1621 1570 1654 ποτε.

479 1690 759 1763 πρώτιστα
785 1690 886 1759 μέν
911 1711 1020 1743 νυν
1043 1682 1177 1761 τῷδ’
1205 1682 1519 1757 ὑφήγησαι,
1545 1684 1728 1755 γέρον.

475 1784 749 1847 Αἴγισθος
775 1779 915 1829 ἔνθα
939 1778 1050 1828 νῦν
1073 1778 1355 1842 θυηπολεῖ
1374 1779 1553 1835 θεοῖς;
1872 1780 1955 1824 665

476 1857 645 1918 ἔπειτ’
675 1858 939 1915 ἀπαντῶν
961 1859 1126 1930 μητρὶ
1149 1852 1277 1911 τάπ’
1307 1859 1443 1927 ἐμοῦ
1469 1853 1702 1926 φράσον.

475 1943 604 2003 ὥστ’
635 1943 776 2001 αὐτά
801 1941 854 2015 γ’
883 1946 941 1998 ἐκ
967 1948 1070 1998 σοῦ
1095 1941 1359 2012 στόματος
1383 1945 1641 2011 εἰρῆσθαι
1667 1942 1867 1993 δοκεῖν.

478 2030 578 2088 σὸν
605 2037 770 2102 ἔργον
793 2026 927 2099 ἤδη·
954 2027 1205 2098 πρόσθεν
1233 2033 1449 2096 εἴληχας
1474 2024 1672 2095 φόνου.

477 2112 742 2187 στείχοιμ’
774 2138 869 2183 αν,
898 2121 952 2168 εἴ
974 2135 1055 2176 τις
1082 2109 1322 2214 ἡγεμων
1330 2105 1578 2181 γίγνοιθ’
1610 2104 1764 2163 ὁδοῦ.

478 2204 572 2258 καὶ
594 2200 704 2273 μὴν
733 2197 838 2271 ἐγω
866 2194 1128 2268 πέμποιμ’
1158 2220 1227 2251 αν
1259 2193 1362 2250 οὐκ
1388 2192 1677 2258 ἀκουσίως.
1874 2203 1959 2248 670

478 2280 520 2342 ῶ
544 2292 657 2343 Ζεῦ
682 2289 901 2358 πατρῶε
926 2284 1018 2338 καὶ
1041 2278 1261 2352 τροπαῖ’
1295 2283 1516 2353 ἐχθρῶν
1540 2281 1705 2350 ἐμῶν,

486 2369 629 2438 ’Ἡρα
657 2389 740 2437 τε,
776 2371 981 2438 βωμῶν
1011 2361 1047 2433 ἢ
1079 2369 1423 2433 Μυκηναίων
1449 2372 1682 2430 κρατεῖς,
1877 2366 1962 2413 674

487 2458 649 2520 νίκην
681 2448 776 2513 δὸς
809 2449 959 2517 ἡμῖν,
994 2451 1042 2500 εἴ
1067 2443 1236 2499 δίκαι’
1262 2442 1586 2512 αἰτούμεθα.
1878 2451 1963 2495 675

489 2530 585 2595 δὸς
617 2533 755 2598 δῆτα
789 2527 994 2597 πατρὸς
1022 2530 1206 2580 τοῖσδε
1234 2522 1479 2594 τιμωρὸν
1509 2527 1687 2592 δίκην.
1882 2526 1968 2574 676

493 2615 731 2680 οἴκτειρέ
762 2610 824 2666 θ’
854 2608 1012 2680 ἡμᾶς·
1051 2608 1241 2677 οἰκτροὶ
1273 2606 1378 2676 γὰρ
1412 2606 1792 2674 πεπόνθαμεν.
1881 2612 1965 2657 672

397 2703 416 2749 ’.
493 2703 729 2763 οἴκτειρε
759 2698 895 2763 δῆτα
925 2695 1058 2757 σούς
1088 2714 1150 2762 γε
1179 2692 1394 2760 φύντας
1419 2687 1700 2757 ἐκγόνους.
1884 2697 1966 2739 673

492 2776 562 2829 σύ
593 2774 658 2846 τ’,
678 2771 721 2828 ῶ
753 2776 896 2828 κάτω
926 2781 1025 2844 γῆς
1053 2771 1290 2836 ἀνοσίως
1324 2774 1493 2824 οἰκῶν
1526 2767 1715 2835 πάτερ,
1883 2781 1966 2823 677

494 2858 583 2911 καὶ
613 2854 733 2910 Γαῖ’
764 2854 995 2925 ἄνασσα,
1026 2866 1205 2924 χεῖρας
1235 2847 1270 2925 ᾗ
1301 2847 1495 2920 δίδωμ’
1532 2849 1679 2918 ἐμάς,
