2022 3126
117 910 230 960 ΠΕ.

117 1757 213 1805 ΔΙ.

114 1926 232 1974 ΠΕ.

115 2096 233 2143 ΠΕ.

115 2180 216 2228 ΑΙ.

116 2264 235 2312 ΠΕ.

117 2349 218 2398 ΔΙ.

118 2434 236 2481 ΠΕ.

118 2519 217 2567 ΔΙ.

118 2603 236 2650 ΠΕ.

118 2688 217 2736 ΔΙ.

117 2771 235 2820 ΠΕ.

121 2856 219 2905 ΔΙ.

776 89 1032 135 ΒΑΚΧΑΙ
1666 88 1764 139 105

301 230 365 295 οἷς
389 229 441 286 δ’
471 223 544 286 αὖ
567 229 636 284 σὺ
660 227 875 298 Βάκχας
901 224 1104 297 εἷρξας,
1133 224 1195 291 ἂς
1226 227 1583 297 συνήρπασας

301 313 542 386 κᾶδησας
567 315 626 368 ἐν
651 317 899 382 δεσμοῖσι
923 312 1217 381 πανδήμου
1243 313 1452 381 στέγης,

304 404 554 469 φροῦδαί
576 394 620 467 γ’
651 400 856 452 ἐκεῖναι
883 399 1179 466 λελυμέναι
1204 394 1341 466 πρὸς
1366 393 1607 466 ὀργάδας
1682 414 1766 454 445

302 489 561 555 σκιρτῶσι
584 481 830 552 Βρόμιον
852 478 1298 550 ἀνακαλούμεναι
1321 480 1459 534 θεόν
1476 498 1486 507 ·

304 565 584 637 αὐτόματα
610 563 662 620 δ’
693 565 884 630 αὐταῖς
910 563 1082 635 δεσμὰ
1114 565 1350 634 διελύθη
1382 568 1585 634 πεδῶν,

301 650 502 725 κλῇδές
522 648 563 705 τ’
591 647 804 720 ἀνῆκαν
828 647 1051 721 θύρετρ’
1082 646 1218 704 ἄνευ
1243 655 1454 719 θνητῆς
1476 651 1649 719 χερός.

302 742 523 793 πολλῶν
553 732 607 789 δ’
635 732 723 790 ὅδ’
755 732 895 806 ἀνὴρ
922 733 1230 805 θαυμάτων
1255 731 1376 804 ῆκει
1400 736 1576 799 πλέως

303 828 378 886 εἰς
400 821 564 876 τάσδε
590 819 790 890 Θήβας.
845 821 931 874 σοὶ
964 819 1025 874 δὲ
1052 815 1223 874 τᾶλλα
1246 817 1349 889 χρὴ
1378 820 1580 888 μέλειν.
1682 834 1766 875 450

298 913 568 977 μαίνεσθε
591 917 779 975 χεῖρον
802 901 959 959 τοῦδ’
981 923 991 932 “
1024 907 1085 958 ἐν
1110 900 1348 974 ἄρκυσιν
1373 901 1478 974 γὰρ
1505 900 1583 957 ῶν

306 988 409 1046 οὐκ
437 996 586 1046 ε”στιν
612 985 787 1053 οὕτως
813 987 959 1053 ῶκύς
987 985 1126 1043 ῶστε
1149 985 1196 1059 μ’
1228 991 1513 1058 ἐκφυγεῖν.

303 1073 438 1145 ἀτὰρ
462 1073 524 1130 τὸ
548 1075 649 1144 μὲν
674 1070 803 1143 σῶμ’
833 1071 936 1128 οὐκ
962 1071 1211 1144 ἄμορφος
1238 1072 1313 1141 εἷ,
1346 1074 1481 1139 ξένε,

305 1156 377 1223 ῶς
403 1166 479 1224 είς
505 1171 797 1229 γυναῖκας,
825 1156 905 1228 ἐφ’
938 1155 1072 1228 ὅπερ
1102 1163 1178 1222 εἰς
1203 1157 1387 1228 Θήβας
1412 1157 1575 1227 πάρει
1593 1176 1603 1184 ·

300 1244 578 1314 πλόκαμός
601 1266 659 1299 τε
684 1243 788 1314 γάρ
814 1261 918 1298 σου
942 1246 1143 1308 ταναός
1173 1240 1239 1297 ού
1266 1242 1440 1312 πάλης
1466 1239 1593 1311 ὕπο,
1687 1257 1769 1298 455

303 1331 475 1399 γένυν
502 1327 624 1398 παρ’
653 1326 830 1398 αὐτὴν
856 1330 1180 1398 κεχυμένος,
1208 1326 1393 1381 πόθου
1420 1328 1620 1391 πλέως·

301 1411 506 1483 λευκὴν
531 1413 591 1468 δὲ
617 1411 811 1483 χροιὰν
847 1415 908 1467 ἐκ
945 1416 1297 1482 παρασκευῆς
1329 1417 1484 1480 ἔχεις,

304 1496 401 1568 οὐχ
424 1496 585 1569 ἡλίου
610 1504 890 1567 βολαῖσιν,
917 1493 1029 1550 ἀλλ’
1059 1493 1168 1551 ὑπὸ
1195 1501 1367 1563 σκιᾶς,

305 1580 404 1652 τὴν
421 1580 756 1654 Ἀφροδίτην
788 1587 1027 1652 καλλονῇ
1054 1578 1393 1652 θηρώμενος.

305 1672 526 1735 πρῶτον
549 1666 650 1737 μὲν
675 1658 780 1720 οὖν
804 1689 897 1736 μοι
922 1668 1077 1731 λέξον
1100 1662 1247 1729 ὅστις
1274 1664 1323 1720 εἷ
1345 1667 1520 1734 γένος.
1687 1679 1771 1721 460

305 1749 372 1806 ού
395 1751 602 1821 κόμπος
627 1748 839 1814 οὐδείς·
868 1750 1062 1822 ῥᾴδιον
1088 1754 1121 1804 δ
1128 1747 1140 1766 '
1172 1756 1347 1804 εἰπεῖν
1372 1748 1515 1804 τόδε.

307 1835 404 1890 τὸν
432 1833 732 1905 άνθεμῶδη
768 1840 996 1905 Τμῶλον
1021 1833 1189 1888 οἶσθά
1213 1857 1323 1889 που
1348 1834 1554 1889 κλύων.

337 1919 356 1940 τ
381 1917 409 1941 N2
465 1916 488 1935 tx
581 1918 591 1935 x
703 1919 712 1931 ι
931 1918 957 1934 n
1275 1917 1288 1934 ι
1491 1916 1503 1932 r

284 1925 385 1975 rom
418 1964 431 1989 ,
458 1942 516 1985 ος
540 1943 600 1975 το
626 1924 899 1990 Σαρδεων
923 1937 1060 1974 αστυ
1087 1926 1406 1990 περιβάλλει
1429 1926 1634 1994 κυκλῳ.

308 2007 575 2060 ἐντεῦθέν
602 2010 738 2075 εἰμι,
763 2009 948 2060 Λυδία
973 2007 1038 2059 δέ
1059 2026 1152 2074 μοι
1176 2010 1385 2074 πατρίς.

305 2089 486 2145 πόθεν
513 2090 575 2145 δὲ
600 2087 817 2154 τελετὰς
841 2086 997 2144 τάσδ’
1025 2085 1176 2158 ἄγεις
1216 2092 1268 2152 ἐς
1295 2087 1552 2155 Ἑλλάδας
1687 2103 1770 2145 465

305 2174 582 2239 Διόνυσος
605 2172 744 2245 ἡμᾶς
771 2171 1010 2246 εἰσέβησ’
1040 2171 1068 2228 ὁ
1098 2179 1196 2228 τοῦ
1221 2173 1374 2238 Διός.

303 2257 445 2323 Ζεὺς
471 2258 523 2314 δ’
555 2257 655 2315 ἔστ’
685 2262 801 2314 ἐκεῖ
827 2283 933 2329 τις,
960 2256 1019 2323 ὂς
1042 2261 1205 2322 νέους
1229 2265 1400 2313 τίκτει
1424 2258 1624 2324 θεούς;

309 2340 440 2413 οῧκ,
471 2341 584 2398 ἀλλ’
614 2341 641 2399 ὁ
667 2347 920 2415 Σεμέλην
945 2343 1150 2398 ἐνθάδε
1174 2343 1359 2410 ζεύξας
1389 2344 1598 2414 γάμοις.

304 2427 508 2500 πότερα
534 2430 595 2484 δὲ
625 2429 845 2496 νύκτωρ
871 2427 922 2484 σ’
953 2425 987 2498 ἦ
1017 2426 1136 2483 κατ’
1167 2425 1286 2499 ὄμμ’
1315 2426 1658 2499 ἠνάγκασενς

308 2508 456 2584 ὀρῶν
482 2510 725 2585 ὁρῶντα,
751 2516 844 2569 καὶ
871 2519 1103 2569 δίδωσιν
1127 2510 1304 2583 ὄργια.
1688 2524 1773 2568 470

305 2595 372 2650 τὰ
397 2594 450 2652 δ’
480 2595 614 2669 ὄργι’
648 2600 761 2653 ἐστὶ
785 2596 884 2654 τίν’
916 2602 1071 2654 ἰδέαν
1097 2598 1288 2667 ἔχοντά
1317 2615 1434 2664 σοι;

309 2678 494 2752 ἄρρητ’
521 2680 942 2754 ἀβακχεύτοισιν
968 2684 1174 2737 εἰδέναι
1198 2689 1431 2754 βροτῶν.

307 2771 417 2835 ἔχει
443 2771 476 2821 δ
481 2763 495 2783 ’
525 2764 719 2838 ὄνησιν
741 2782 882 2823 τοῖσι
906 2767 1151 2823 θύουσιν
1173 2773 1326 2834 τίνα;

308 2846 376 2905 ού
399 2852 561 2922 θέμις
585 2849 825 2907 ἀκοῦσαί
846 2850 921 2923 σ’,
952 2859 1065 2907 ἔστι
1088 2844 1142 2909 δ’
1171 2849 1268 2918 ἄξι’
1298 2853 1520 2906 εἰδέναι.
