2022 3126
115 1508 231 1558 XO.

118 1677 238 1727 KA.

127 2778 244 2827 HE.

803 89 1066 136 ΒΑΚΧΑΙ
1659 89 1749 139 101

300 239 392 289 καὶ
416 235 611 288 σπένδε
643 232 732 284 καὶ
757 229 994 300 βάκχευε
1020 233 1112 284 καὶ
1140 232 1346 300 στέφου
1374 230 1531 303 κάρα.

299 315 400 389 οὐχ
424 314 452 373 ὅ
476 315 615 372 Anda,
628 331 751 377 υσος
777 326 1092 385 σωφρονεῖν
1119 310 1417 384 ἀναγκάσει

299 413 564 473 γυναῖκας
587 403 663 462 εἰς
686 396 787 468 τὴν
811 396 1066 469 Κύπριν,
1094 395 1204 452 ἀλλ’
1233 400 1293 452 ἐν
1315 404 1380 470 τῇ
1408 398 1571 469 φύσει
1680 414 1760 456 315

302 485 362 542 τὸ
385 495 697 556 σωφρονεῖν
725 487 939 537 ἔνεστιν
967 487 1042 547 εἰς
1071 481 1137 537 τὰ
1161 479 1310 537 πάντ’
1340 480 1441 538 ἀεί.

300 576 460 627 τοῦτο
488 580 716 624 σκοπεῖν
740 566 842 638 χρή
859 585 868 595 ·
899 568 991 621 καὶ
1016 565 1120 637 γὰρ
1154 569 1212 621 ἐν
1243 567 1616 638 βακχεύμασιν

300 646 422 711 οὖσ’
450 650 485 724 ἦ
510 676 571 724 γε
596 652 838 723 σῶφρων
864 649 931 706 οὐ
958 651 1415 723 διαφθαρήσεται.

302 737 463 813 ὁρᾷς,
490 737 560 794 σὺ
585 743 818 808 χαίρεις,
851 732 984 791 ὅταν
1015 739 1321 807 ἐφεστῶσιν
1346 736 1544 801 πύλαις
1682 749 1765 792 310

302 829 522 893 πολλοί,
548 821 607 878 τὸ
633 822 899 885 Πενθέως
925 818 980 876 δ’
1010 843 1183 892 ονομα
1207 821 1488 921 μεγαλύνῃ
1515 822 1693 886 πόλις·

302 906 581 978 κάκεῖνος,
609 906 784 977 οἶμαι,
812 906 1063 975 τέρπεται
1087 905 1405 1007 τιμώμενος.

306 992 411 1064 ἐγώ
439 1015 539 1064 μεν
562 993 668 1047 οὐν
690 992 782 1046 καὶ
805 990 1028 1061 Κάδμος
1044 1034 1057 1061 ,
1085 988 1151 1046 ὃν
1175 989 1244 1046 σύ
1272 994 1545 1064 διαγελᾷς,

308 1083 480 1151 κισσῷ
505 1074 543 1131 τ’
575 1076 921 1147 ἐρεψόμεσθα
952 1076 1044 1130 καὶ
1067 1075 1422 1146 χορεύσομεν,

304 1161 468 1218 πολιὰ
496 1165 757 1231 ξυνωρίς,
787 1157 898 1215 ἀλλ’
932 1157 1078 1231 ὅμως
1101 1162 1411 1232 χορευτέον,

302 1245 405 1303 κού
431 1246 759 1317 θεομαχήσω
785 1250 900 1300 σῶν
930 1245 1113 1315 λόγων
1136 1247 1386 1310 πεισθεὶς
1408 1242 1534 1300 ὕπο.
1688 1256 1767 1300 325

302 1338 486 1404 μαίνει
510 1331 616 1403 γὰρ
643 1328 714 1395 ῶς
744 1328 998 1400 αλγιστα,
1025 1328 1189 1386 κοῦτε
1215 1330 1524 1402 φαρμάκοις

306 1440 409 1488 ακη
435 1416 622 1487 λάβοις
647 1413 746 1484 άν,
773 1411 883 1470 ούτ’
917 1438 1052 1470 ανευ
1076 1415 1287 1470 τούτων
1310 1427 1505 1478 νοσεῖς.

305 1504 346 1556 ὦ
372 1503 614 1572 πρέσβυ,
644 1500 854 1570 Φοῖβόν
877 1496 915 1553 τ’
948 1496 1015 1555 ού
1042 1499 1424 1605 καταισχύνεις
1451 1499 1651 1569 λόγοις,

306 1592 479 1657 τιμῶν
505 1608 561 1641 τε
589 1585 836 1657 Βρόμιον
861 1598 1170 1656 σωφρονεῖς
1194 1586 1367 1655 μέγαν
1392 1583 1548 1639 θεόν.

309 1663 352 1726 ῶ
380 1683 504 1740 παῖ,
530 1675 710 1735 καλῶς
735 1687 822 1725 σοι
853 1676 1136 1741 Τειρεσιας
1162 1669 1500 1742 παρῄνεσεν·
1690 1680 1775 1724 330

306 1764 444 1812 οἴκει
469 1751 591 1826 μεθ’
620 1751 802 1826 ἡμῶν,
834 1753 906 1825 μὴ
931 1754 1140 1826 θύραζε
1164 1760 1275 1809 τῶν
1298 1753 1502 1825 νόμων.

305 1846 414 1896 νῦν
439 1839 544 1911 γὰρ
570 1841 719 1895 πέτει
748 1861 806 1894 τε
829 1840 922 1894 καὶ
947 1846 1175 1912 φρονῶν
1198 1836 1366 1895 οὐδὲν
1391 1849 1632 1910 φρονεῖς.

309 1931 396 1982 κεί
416 1923 488 1997 μὴ
514 1923 620 1996 γάρ
648 1930 796 1980 ἔστιν
822 1922 849 1980 ὁ
875 1922 1008 1990 θεὸς
1036 1917 1214 1995 οὗτος,
1244 1921 1317 1989 ῶς
1346 1921 1417 1979 σὺ
1443 1924 1567 1995 φής,

309 2009 457 2082 παρὰ
482 2011 569 2065 σοὶ
594 2011 842 2081 λεγέσθω
858 2028 868 2038 ·
901 2011 994 2065 καὶ
1017 2009 1375 2076 καταψεύδου
1398 2015 1579 2074 καλῶς

312 2092 386 2160 ῶς
410 2101 523 2151 ἔστι
547 2096 820 2166 Σεμέλης,
853 2098 944 2151 ἵνα
971 2099 1108 2168 δοκῇ
1133 2094 1274 2151 θεὸν
1299 2106 1497 2164 τεκεῖν,
1695 2106 1779 2149 335

309 2177 441 2251 ἡμῖν
464 2203 522 2235 τε
545 2179 670 2252 τιμὴ
696 2182 860 2235 παντὶ
885 2186 961 2254 τῷ
988 2182 1137 2251 γένει
1162 2185 1357 2253 προσῇ.

311 2262 443 2339 ὁρᾷς
467 2263 565 2320 τὸν
583 2263 912 2330 Ἀκταίωνος
937 2263 1140 2321 ἄθλιον
1162 2265 1364 2337 μόρον,

314 2346 380 2405 ὃν
405 2346 663 2421 ῶμόσιτοι
687 2350 955 2416 σκύλακες
979 2347 1042 2416 ἃς
1075 2352 1348 2423 ἐθρέψατο

317 2435 710 2504 διεσπάσαντο,
737 2433 1009 2507 κρείσσον’
1039 2437 1099 2491 ἐν
1123 2441 1418 2506 κυναγίαις

306 2516 618 2591 Ἀρτέμιδος
644 2518 783 2576 εἶναι
807 2517 1157 2592 κομπάσαντ’,
1185 2523 1245 2575 ἐν
1270 2516 1517 2592 ὀργάσιν.
1700 2531 1783 2574 340

318 2599 350 2658 ὃ
374 2602 446 2674 μὴ
471 2601 655 2678 πάθῃς
680 2604 768 2674 σύ,
797 2605 967 2677 δεῦρό
991 2623 1092 2661 σου
1117 2606 1296 2671 στέψω
1325 2604 1467 2676 κάρα

315 2694 489 2762 κισσῷ
506 2708 517 2718 “
551 2688 672 2761 μεθ’
700 2687 857 2761 ἡμῶν
879 2696 954 2765 τῷ
984 2696 1102 2764 θεῶ
1129 2688 1293 2761 τιμὴν
1321 2694 1499 2745 δίδου.

313 2770 380 2828 οὐ
404 2771 476 2844 μὴ
506 2780 815 2845 προσοίσεις
838 2788 1020 2848 χεῖρα,
1046 2775 1368 2845 βακχεύσεις
1392 2771 1444 2830 δ’
1474 2770 1592 2843 ἰῶν,

315 2855 447 2928 μηδ’
477 2858 748 2930 ἐξομόρξει
774 2858 1114 2932 μωρίαντὴν
1139 2858 1242 2930 σὴν
1271 2862 1395 2930 ἐμοί
1403 2884 1419 2925 3
