2022 3126
126 331 212 382 IP.

509 102 843 147 ΗΡΑΚΛΗΣ
873 103 986 148 MA
992 103 1076 149 IN
1076 103 1285 151 OMEN
1287 104 1379 150 ΟΣ
1677 104 1776 156 351

316 242 403 294 σοὶ
428 244 460 294 δ
468 236 480 256 ’
511 236 578 292 οὐ
605 244 855 309 παραινῶ
879 238 1087 308 μεγάλα
1111 238 1416 310 βούλεσθαι
1439 245 1594 298 κακά.

317 323 388 394 μὴ
408 341 476 378 συ
492 323 751 378 νουθέτει
768 322 833 376 τά
849 320 908 377 θ’
923 319 1094 393 ρἨρας
1113 322 1258 395 κάμὰ
1274 327 1643 398 μηχανήματα.
1695 344 1777 385 855

125 415 285 464 ΛΥΤ.
320 414 395 473 εἰς
419 406 477 462 τὸ
503 412 716 482 λῷστον
741 403 1010 478 ἐμβιβάζω
1035 405 1086 460 σ’
1117 416 1262 478 ἴχνος
1295 408 1418 465 ἀντὶ
1452 417 1549 466 τοῦ
1585 420 1775 468 κακοῦ.

126 499 210 549 IP.

312 488 435 561 οὐχὶ
460 504 775 561 σωφρονεῖν
799 488 843 561 γ’
871 497 1076 561 ἔπεμψε
1106 494 1272 563 δεῦρό
1297 491 1340 549 σ’
1368 493 1553 565 ἡΛιὸς
1581 497 1774 569 δάμαρ.

126 573 493 633 ΛῬΤ.’Ήλιον
515 575 944 647 μαρτυρόμεσθα
973 573 1134 645 δρῶσ’
1163 574 1197 631 ἃ
1227 583 1366 647 δρᾶν
1395 577 1462 634 οὐ
1490 581 1775 654 βούλομαι.

121 2435 230 2485 ΧΟ.

315 666 365 715 εί
399 659 460 715 δὲ
497 660 564 729 δή
599 656 645 729 μ’
671 656 815 732 ‘'Hpqc
848 657 912 714 θ’
949 657 1257 732 ὑπουργεῖν
1292 669 1385 718 σοί
1402 662 1440 719 τ’
1469 662 1777 735 ἀναγκαίως

873 749 982 814 ἔχει
1693 762 1776 806 859·

310 828 466 898 τάχος
475 830 844 929 ἐπιρροίβδην
861 825 915 882 θ’
935 825 1193 900 ὁμαρτεῖν
1211 828 1281 895 ῶς
1297 835 1572 903 κυνηγέτῃ
1587 834 1774 904 κύνας,

311 912 426 1011 εἶμί
444 910 522 983 γ’·
567 910 696 967 οὔτε
720 912 917 976 πόντος
946 910 1090 968 οὕτω
1117 914 1319 985 κύμασι
1343 919 1551 972 στένων
1576 918 1776 989 λάβρος

311 993 440 1051 οὔτε
477 1001 576 1067 γῆς
623 994 843 1066 σεισμὸς
885 1019 1163 1067 κεραυνου
1213 998 1265 1054 τ’
1316 999 1528 1071 οἶστρος
1576 1000 1775 1068 ὠδῖνας

871 1083 1072 1152 πνέων,

313 1160 384 1219 οἷ’
403 1168 505 1236 ἐγώ
526 1167 717 1220 στάδια
738 1169 1050 1237 δραμοῦμαι
1075 1169 1303 1238 στέρνον
1329 1175 1404 1233 εἰς
1420 1167 1749 1240 Ἡρακλέους

309 1251 401 1304 καὶ
425 1249 743 1321 καταρρήξω
769 1252 1019 1321 μέλαθρα
1043 1254 1135 1306 καὶ
1159 1252 1362 1322 δόμους
1386 1257 1689 1326 ἐπεμβαλῶ,

311 1332 447 1388 τέκν’
477 1331 844 1389 ἀποκτείνασα
869 1341 1114 1405 πρῶτον·
1146 1333 1176 1390 ὃ
1197 1336 1257 1392 δὲ
1284 1337 1471 1393 κανῶν
1502 1337 1604 1394 οὐκ
1634 1349 1774 1395 εἵσε-

871 1443 957 1474 ται
1692 1439 1773 1481 865

311 1507 509 1566 παῖδας
548 1499 645 1565 οὓς
669 1500 823 1557 ἔτικτ’
856 1507 1119 1573 ἐναίρων,
1158 1509 1291 1574 πρὶν
1327 1503 1396 1562 ἄν
1420 1506 1548 1577 ἐμὰς
1572 1508 1774 1574 λύσσας

870 1586 1001 1659 ἀφῇ.

307 1665 376 1740 ἢν
402 1669 524 1726 ι’δοὺ
550 1672 642 1726 καὶ
669 1670 735 1741 δὴ
761 1672 1004 1727 τινάσσει
1028 1680 1199 1743 κρᾶτα
1223 1679 1508 1745 βαλβίδων
1534 1674 1639 1732 ἄπο

307 1758 397 1810 καὶ
425 1755 793 1826 διαστρόφους
819 1758 1020 1813 ἑλίσσει
1043 1772 1169 1830 σῖγα
1194 1759 1519 1831 γοργωποὺς
1542 1761 1723 1833 κόρας.

309 1836 554 1909 ἀμπνοὰς
573 1845 605 1894 δ
613 1837 626 1857 ’
656 1837 723 1895 οὗ
741 1848 1087 1914 σωφρονίζει,
1113 1850 1316 1914 ταῦρος
1343 1841 1414 1909 ῶς
1443 1848 1495 1909 ἐς
1518 1847 1770 1917 ἐμβολήν,

310 1923 466 1979 δεινὰ
501 1930 738 1995 μυκᾶται
774 1924 834 1980 δὲ
869 1933 1057 1999 Κῆρας
1091 1925 1383 1984 ἀνακαλῶν
1428 1928 1522 1994 τὰς
1563 1931 1772 2001 Ταρτά-

870 2034 989 2081 ρου.
1719 2030 1772 2072 70

307 2093 438 2163 τάχα
456 2091 509 2148 6'
534 2092 638 2164 ἐγώ
657 2100 865 2164 μᾶλλον
881 2115 1128 2168 χορευσω
1143 2100 1234 2153 καὶ
1253 2100 1576 2170 καταυλήσω
1596 2100 1769 2174 φόβω.

305 2175 470 2247 στεῖχ’
511 2181 563 2242 ἐς
607 2176 914 2250 Ου’λυμπον
959 2181 1306 2254 πεδαίρουσ,
1341 2185 1461 2253 Ιρι,
1513 2198 1771 2255 γενναῖον

868 2265 1037 2320 πόδα

306 2350 381 2410 είς
394 2345 596 2416 δόμους
609 2344 655 2401 δ’
671 2343 825 2417 ἡμεῖς
838 2346 1075 2421 ἄφαντοι
1093 2350 1400 2422 δυσόμεσθ’
1422 2350 1767 2425 (Ηρακλέους.

301 2426 566 2498 ὀτοτοτοῖ,
593 2433 850 2498 στέναξον
862 2452 872 2461 ·
906 2432 1254 2506 ἀποκείρεται
1685 2452 1768 2496 875

305 2511 406 2568 σὸν
430 2510 602 2580 ἄνθος
627 2516 848 2588 πόλεος,
882 2516 910 2574 ὃ
934 2518 1072 2584 Διὸς
1097 2526 1336 2590 ἔκγονος.

302 2592 491 2667 μέλεος
508 2596 719 2669 Ἑλλάς,
748 2598 782 2655 α’
808 2601 904 2657 τὸν
930 2602 1226 2675 εὐεργέταν

302 2679 620 2754 ἀποβαλεῖς,
651 2681 793 2750 ὀλεῖς
818 2689 1077 2758 μανιάσιν
1101 2689 1327 2755 λύσσαις

299 2766 620 2837 χορευθέντ’
650 2766 926 2836 άναύλοις.

299 2852 536 2921 βέβακεν
562 2856 621 2906 ἐν
650 2858 933 2924 δίφροισιν
956 2853 990 2911 ἁ
1015 2857 1368 2927 πολύστονος,
1679 2871 1763 2916 880
