2022 3126
818 92 916 136 EA
923 92 1021 139 EN
1025 92 1074 136 H

297 230 493 288 Ἰδαῖον
519 235 593 294 εἰς
619 225 895 299 κευθμῶν’
916 225 1273 300 Ἀλέξανδρον
1297 228 1460 300 πάρα,

288 312 430 387 ’Ἡρα
454 315 669 385 Κύπρις
699 335 756 367 τε
778 311 1052 382 Διογενής
1079 334 1136 367 τε
1160 314 1455 383 παρθένος,

304 405 519 471 μορφῆς
543 399 810 452 θέλουσαι
837 396 1277 466 διαπεράνασθαι
1300 402 1501 467 κρίσιν.

301 482 507 555 τούμὸν
533 482 593 536 δὲ
616 481 840 550 κάλλος,
870 486 920 536 εἰ
940 478 1112 535 καλὸν
1136 479 1194 535 τὸ
1222 484 1503 551 δυστυχές,

300 569 518 640 Κύπρις
540 561 856 636 προτείνασ’
886 560 957 629 ὥς
977 561 1329 634 Ἀλέξανδρος
1354 579 1532 636 γαμεῖ,

303 659 457 725 νικᾷ·
493 648 670 706 λιπών
696 649 757 705 δὲ
786 645 1087 721 βούσταθμ’
1121 645 1310 713 Ἰδαῖος
1337 651 1514 720 Πάρις

301 737 567 806 Σπάρτην
595 732 814 805 ἀφίκεθ’
846 731 917 798 ὡς
946 732 1077 804 ἐμὸν
1101 733 1317 804 σχήσων
1342 736 1508 804 λέχος.

286 817 427 892 ’Ἡρα
456 820 516 875 δὲ
540 815 841 890 μεμφθεῖσ’
874 814 1052 873 οὕνεκ’
1082 815 1149 872 οὐ
1174 823 1303 890 νικᾷ
1333 818 1484 888 θεάς,

301 907 604 976 ἐξηνέμωσε
630 900 743 973 τᾶμ’
775 900 1114 976 Ἀλεξάνδρῳ
1142 903 1286 973 λέχη,

304 994 500 1044 δίδωσι
527 985 581 1044 δ’
610 985 713 1043 οὐκ
742 984 837 1058 ἔμ’,
865 984 985 1042 ἀλλ’
1017 983 1314 1057 ὁμοιωσασ’
1345 989 1464 1058 ἐμοὶ

305 1078 580 1128 εἷ”δωλον
561 1077 806 1143 ε’μπνουν
831 1069 1077 1142 οὐρανοῦ
1102 1068 1352 1137 ξυνθεῖσ’
1382 1069 1504 1141 άπο,

298 1157 557 1228 Πριάμου
583 1156 863 1228 τυράννου
889 1161 1072 1212 παιδί
1107 1157 1199 1211 καὶ
1224 1160 1381 1211 δοκεῖ
1401 1153 1449 1227 μ’
1481 1162 1624 1227 ε’χειν

299 1241 468 1313 κενὴν
495 1242 752 1312 δόκησιν,
779 1238 882 1296 οὐκ
907 1247 1061 1311 έχων.
1116 1238 1181 1295 τὰ
1207 1237 1259 1295 δ’
1291 1263 1362 1295 αυ
1391 1239 1529 1305 Διὸς

299 1324 624 1398 βουλεύματ’
655 1324 791 1381 άλλα
814 1330 997 1380 τοῖσδε
1021 1330 1315 1395 συμβαίνει
1338 1338 1550 1390 κακοῖς·

300 1411 542 1481 πόλεμον
569 1409 673 1481 γὰρ
702 1407 1020 1480 εἰσήνεγκεν
1038 1407 1314 1479 Ἑλλήνων
1340 1411 1506 1479 χθονὶ

301 1497 393 1550 καὶ
421 1497 598 1567 Φρυξὶ
624 1495 981 1565 δυστήνοισιν
998 1537 1012 1564 ,
1040 1490 1113 1558 ὥς
1136 1491 1301 1563 ὄχλου
1328 1500 1544 1565 βροτῶν

301 1579 551 1650 πλήθους
576 1602 633 1634 τε
657 1584 945 1650 κουφίσειε
968 1581 1172 1651 μητέρα
1195 1578 1373 1648 χθόνα

300 1663 516 1734 γνωτόν
540 1687 596 1718 τε
620 1670 749 1734 θείη
778 1661 876 1718 τὸν
903 1663 1198 1734 κράτιστον
1215 1660 1301 1717 Ελ
1306 1662 1487 1726 λάδος.

303 1754 546 1819 Φρυγων
571 1745 622 1802 δ’
653 1750 704 1812 ἐς
730 1745 903 1817 ἀλκὴν
927 1750 1245 1819 προυτέθην
1272 1745 1376 1818 ἐγω
1402 1769 1502 1818 μεν
1528 1744 1611 1816 ου’,

302 1831 360 1886 τὸ
387 1829 440 1887 δ’
470 1830 642 1902 όνομα
668 1829 901 1902 τούμόν,
930 1824 1108 1887 ἆθλον
1119 1828 1376 1902 Ἐλλησιν
1405 1831 1583 1903 δορός

297 1915 486 1988 λαβὼν
512 1918 577 1972 δέ
596 1940 633 1987 μ
665 1913 859 1988 Ερμῆς
883 1918 942 1971 ἐν
967 1929 1258 1986 πτυχαῖσιν
1283 1916 1507 1987 αἰθέρος

300 2002 508 2073 νεφέλῃ
531 2001 810 2070 καλύψας,
838 1998 904 2056 οὐ
930 1999 1036 2073 γὰρ
1061 1998 1301 2072 ἠμέλησέ
1320 2023 1428 2071 μου

299 2086 465 2155 Ζεύς,
492 2083 645 2141 τόνδ’
675 2088 728 2150 ἐς
755 2085 909 2140 οἶκον
931 2087 1204 2157 Πρωτέως
1233 2085 1513 2157 ἱδρύσατο,

301 2170 523 2225 πάντων
548 2176 849 2243 προκρίνας
873 2172 1330 2241 σωφρονέστατον
1354 2175 1587 2241 βροτῶν,

301 2250 559 2325 ἀκέραιον
585 2252 657 2320 ὡς
695 2252 891 2312 σώσειε
937 2259 1204 2310 Μενέλεω
1230 2256 1397 2324 λέχος.

299 2335 450 2409 κάγώ
476 2338 577 2410 μὲν
602 2337 798 2394 ἐνθάδ’
829 2335 948 2410 εἴμ’,
979 2337 1006 2395 ὁ
1035 2343 1068 2393 δ
1075 2336 1087 2356 ’
1117 2336 1310 2403 ἅθλιος
1334 2338 1492 2403 πόσις

302 2420 587 2494 στράτευμ’
617 2420 886 2495 ἀθροίσας
911 2422 1004 2488 τὰς
1029 2421 1159 2494 ἐμὰς
1183 2420 1506 2494 ἀναρπαγὰς

301 2512 453 2580 θηρᾷ
477 2510 774 2580 πορευθεὶς
791 2505 952 2563 Ἰλίου
977 2507 1330 2579 πυργώματα.

302 2592 473 2661 ψυχαὶ
501 2591 562 2648 δὲ
585 2594 781 2648 πολλαὶ
807 2590 873 2648 δι’
905 2589 978 2664 ἔμ’
1008 2593 1095 2648 ἐπὶ
1119 2596 1533 2664 Σκαμανδρίοις

306 2676 523 2746 ῥοαῖσιν
549 2683 756 2732 ἔθανον
774 2696 784 2705 ·
822 2674 855 2748 ἡ
882 2677 944 2733 δὲ
968 2677 1145 2732 πάντα
1168 2673 1322 2733 τλᾶσ’
1353 2674 1458 2748 ἐγώ

307 2759 608 2830 κατάρατός
634 2766 742 2833 εἰμι
767 2763 859 2817 καὶ
883 2765 1030 2816 δοκῶ
1055 2759 1320 2832 προδοῦσ’
1349 2759 1481 2832 ἐμὸν

307 2843 469 2898 πόσιν
493 2845 736 2910 συνάψαι
760 2846 998 2916 πόλεμον
1008 2842 1267 2916 Ἕλλησιν
1291 2848 1478 2917 μέγαν,

1669 89 1761 140 185

1711 330 1763 371 25

1711 751 1765 792 30

1710 1172 1764 1214 35

1712 1593 1766 1635 40

1712 2017 1765 2056 45

1711 2436 1766 2477 50

1711 2857 1764 2897 55
