2022 3126
812 144 1174 190 ΑΛΚΗΣΤΙΣ
1731 143 1793 196 37

322 283 494 353 τόλμα
519 279 570 336 δ’
590 299 600 309 ·
630 280 696 335 οὐ
723 280 828 352 γὰρ
855 280 1072 347 ἀνάξεις
1096 282 1208 338 ποτ’
1238 289 1471 355 ἔνερθεν
1712 302 1796 345 985

321 372 529 421 κλαίων
553 364 681 429 τοὺς
715 368 1027 436 φθιμένους
1059 363 1192 421 ἅνω.

322 452 413 506 καὶ
438 456 592 505 θεῶν
617 449 828 504 σκότιοι
854 456 1128 521 φθίνουσι

320 539 513 598 παῖδες
541 537 601 589 ἐν
625 534 868 609 θανάτῳ.
1710 553 1796 597 990

321 625 455 689 φίλα
480 618 582 689 μὲν
606 616 677 673 ὅτ’
706 611 777 689 ἦν
809 616 930 691 μεθ’
960 617 1136 691 ἡμῶν,

321 709 456 773 φίλα
481 703 543 758 δὲ
567 703 812 758 θανοῦσ’
837 708 890 768 ἐς
918 705 1023 759 ἀεί·

318 787 715 859 γενναιοτάταν
739 788 800 844 δὲ
828 793 1010 844 πασᾶν

318 873 510 941 ἐζεύξω
535 879 770 938 κλισίαις
796 871 1023 930 ἄκοιτιν-
1709 891 1792 934 994

318 958 456 1029 μηδὲ
480 964 696 1028 νεκρῶν
722 956 794 1022 ὡς
819 962 1114 1030 φθιμένων
1136 965 1291 1030 χῶμα
1306 963 1611 1031 νομιζέσθω
1674 959 1787 1017 ἀντ.

315 1043 519 1114 τύμβος
542 1048 639 1108 σᾶς
664 1040 894 1114 ἀλόχου,
921 1053 1105 1099 θεοῖσι
1130 1041 1182 1099 δ’
1212 1041 1414 1115 ὁμοίως

314 1124 597 1199 τιμάσθω,
626 1131 788 1199 σέβας
813 1128 1087 1201 ἐμπόρων.

317 1218 417 1267 καί
441 1235 521 1277 τις
552 1217 784 1284 δοχμίαν
810 1215 1084 1270 κέλευθον
1682 1233 1791 1275 1000

314 1299 593 1369 ἐμβαίνων
625 1295 740 1353 τόδ’
771 1301 908 1370 ἐρεῖ·

315 1380 454 1438 αύτα
480 1405 610 1438 ποτε
634 1381 906 1454 προύθαν’
934 1383 1155 1455 ἀνδρός,

312 1473 422 1522 νῦν
448 1465 501 1522 δ’
532 1469 644 1523 ἐστὶ
669 1492 910 1540 μακαιρα
937 1474 1178 1541 δαίμων

312 1549 446 1622 χαῖρ’
455 1574 539 1621 ,ω
567 1550 759 1623 πότνι’,
790 1555 852 1609 εὐ
878 1555 940 1610 δε
966 1559 1136 1626 δοίης.

313 1643 461 1692 τοῖαί
480 1660 572 1692 νιν
597 1645 932 1711 προσεροῦσι
957 1643 1151 1711 φᾶμαι.
1677 1658 1784 1700 1005

316 1723 409 1776 καὶ
432 1721 542 1793 μὴν
565 1719 658 1789 ὅδ’,
687 1720 759 1787 ὡς
784 1729 975 1797 ἔοικεν,
988 1722 1290 1796 Ἀλκμήνης
1315 1726 1493 1797 γόνος,

293 1802 560 1878 ’Ἀδμητε,
588 1806 724 1879 πρὸς
749 1808 854 1879 σὴν
882 1811 1069 1865 ἑστίαν
1100 1810 1414 1882 πορεύεται.

125 1895 233 1945 ΗΡ.
304 1897 470 1962 φίλον
495 1889 632 1962 πρὸς
658 1889 837 1963 ἄνδρα
861 1894 963 1966 χρὴ
989 1896 1173 1966 λέγειν
1201 1898 1529 1968 ἐλευθέρως,

293 1973 558 2047 ’Ἀδμητε,
587 1977 809 2049 μομφὰς
833 1977 888 2034 δ’
919 1977 1020 2051 οὐχ
1044 1978 1152 2036 υπό
1180 1982 1554 2053 σπλαγχνοις’
1536 1988 1679 2053 ε’χειν

306 2060 544 2132 σιγωντ’.
584 2061 689 2133 ἐγω
718 2065 779 2119 δε
803 2077 918 2128 σοῖς
944 2078 1198 2121 κακοῖσιν
1222 2064 1419 2137 ἠξίουν
1675 2084 1783 2125 1010

308 2145 473 2217 ἐγγὺς
499 2147 783 2218 παρεστώς
809 2150 1152 2218 ἐξετάζεσθαι
1179 2157 1366 2223 φίλος·

306 2229 376 2286 σὺ
408 2229 460 2287 δ’
491 2229 594 2287 οὐκ
619 2238 846 2304 ἒφραζες
870 2241 966 2306 σῆς
992 2243 1358 2308 προκείμενον
1388 2240 1560 2293 νέκυν

305 2318 596 2388 γυναικός,
628 2315 765 2374 ἀλλά
790 2317 838 2390 μ’
869 2322 1094 2389 ἐξένιζες
1120 2325 1180 2377 ἐν
1205 2323 1412 2394 δόμοις,

308 2397 380 2465 ὥς
406 2400 473 2472 δὴ
501 2409 749 2474 θυραίου
775 2405 1020 2477 πήματος
1045 2406 1301 2479 σπουδὴν
1326 2413 1482 2479 ἔχων.

306 2482 550 2552 κᾶστεψα
573 2494 745 2558 κρᾶτα
769 2491 862 2544 καὶ
891 2499 1048 2556 θεοῖς
1073 2493 1375 2565 ἐλειψάμην
1675 2508 1779 2550 1015

306 2570 549 2636 σπονδὰς
575 2576 634 2627 ἐν
661 2581 832 2639 οἴκοις
856 2579 1192 2647 δυστυχοῦσι
1215 2591 1356 2634 τοῖσι
1379 2591 1511 2644 σοῖς.

307 2656 396 2708 καὶ
422 2659 704 2728 μέμφομαι
727 2683 829 2730 μεν
860 2662 1142 2733 μέμφομαι
1166 2662 1370 2718 παθων
1393 2663 1541 2733 ταδε,

308 2736 374 2792 οὐ
406 2737 515 2811 μήν
540 2760 602 2797 σε
630 2750 829 2800 λυπεῖν
853 2748 914 2800 ἐν
938 2759 1156 2803 κακοῖσι
1183 2748 1472 2819 βούλομαι.

307 2843 385 2875 ων
409 2821 461 2878 δ’
506 2825 667 2897 εινεχ’
696 2826 811 2899 ἥκω
838 2828 986 2902 δεῦρ’
1015 2828 1365 2903 υποστρέψας
1389 2833 1555 2888 παλιν

304 2907 454 2972 λέξω.
503 2924 740 2979 γυναῖκα
765 2913 930 2983 τήνδε
954 2938 1043 2985 μοι
1077 2922 1260 2971 σῶσον
1284 2917 1490 2988 λαβών,
1669 2930 1777 2972 1020
