2022 3126
214 69 317 121 316

209 725 307 775 ΘΕ

207 1491 319 1540 ΧΟ.

821 70 1259 119 ΗΡΑΚΛΕΙΔΑΙ

402 214 495 268 καὶ
518 221 672 277 θεοῖς
695 212 968 287 πατρῴοις
989 209 1220 282 θύσεθ’,
1249 205 1328 267 ῶν
1352 210 1704 285 ἀπειργμένοι

400 299 546 364 ξένοι
571 297 853 369 πλανήτην
879 294 1038 368 εἴχετ’
1073 295 1277 353 ἄθλιον
1301 303 1441 369 βίον.

402 379 539 454 ἀτὰρ
566 387 625 437 τί
648 381 878 438 κεύθων
896 380 1103 446 Ἰόλεως
1125 382 1303 453 σοφόν
1329 404 1460 437 ποτε

398 464 745 538 Εὐρυσθέως
772 465 1032 538 ἐφείσαθ’
1062 464 1202 523 ὥστε
1224 465 1298 538 μὴ
1323 479 1576 533 κτανεϊν;

399 553 555 618 λέξον
571 570 582 581 ·
613 550 744 623 παρ’
777 549 909 624 ἡμῖν
932 552 1033 624 μὲν
1057 550 1163 623 γὰρ
1189 548 1257 607 οὗ
1281 549 1463 622 σοφὸν
1486 550 1631 623 τόδε,

400 635 638 708 ἐχθροὺς
662 637 903 708 λαβόντα
927 635 999 709 μὴ
1030 634 1399 693 ἆποτίσασθαι
1424 641 1604 707 δίκην.

395 720 455 776 τὸ
481 719 582 777 σὸν
606 728 918 795 προτιμῶν,
945 719 1017 787 ῶς
1040 746 1132 777 νιν
1157 720 1470 793 ὀφθαλμοῖς
1495 726 1633 787 ἴδοις

404 805 606 862 ἁλόντα
637 809 727 862 καὶ
758 812 828 880 σῇ
858 806 1299 878 δεσποτούμενον
1328 811 1462 877 χερί.

402 888 469 945 οὐ
494 890 606 962 μὴν
631 892 829 947 ἑκόντα
852 889 906 962 γ’
937 888 1138 962 αὐτόν,
1165 888 1303 946 ἀλλὰ
1327 889 1465 961 πρὸς
1488 897 1619 962 βίαν

397 973 565 1043 ἔζευξ’
597 974 811 1049 ἀνάγκῃ
828 995 838 1005 ·
866 978 961 1031 καὶ
985 974 1089 1047 γὰρ
1121 973 1224 1032 οὐκ
1249 977 1507 1047 ἐβούλετο

394 1066 502 1128 ζῶν
529 1066 605 1126 εἰς
628 1060 729 1117 σὸν
755 1065 946 1117 ἐλθεῖν
972 1058 1117 1132 ὄμμα
1142 1063 1235 1116 καὶ
1260 1066 1459 1117 δοῦναι
1484 1065 1664 1133 δίκην.

396 1142 518 1200 ἀλλ’
549 1139 593 1201 ῶ
617 1147 839 1219 γεραιοὶ,
866 1159 1022 1218 χαῖρε
1045 1148 1138 1202 καὶ
1162 1146 1408 1218 μέμνησό
1430 1169 1537 1217 μου

394 1226 426 1285 ὂ
449 1237 673 1300 πρῶτον
697 1230 880 1301 εἶπας,
906 1228 1056 1301 ἡνίκ’
1088 1229 1335 1302 ἠρχόμην
1358 1231 1545 1302 λόγου,

397 1316 803 1385 ἐλευθερώσειν
827 1313 905 1387 μ’·
931 1318 992 1371 ἐν
1017 1315 1079 1371 δὲ
1103 1329 1216 1381 τοῖς
1239 1320 1480 1371 τοιοῖσδε
1503 1315 1603 1386 χρὴ

393 1398 633 1466 ἀψευδὲς
659 1400 802 1457 εἶναι
825 1413 967 1456 τοῖσι
992 1407 1271 1472 γενναίοις
1294 1401 1481 1471 στόμα.

389 1487 508 1556 ἐμοὶ
531 1485 692 1557 χορὸς
715 1487 818 1558 μὲν
841 1483 1007 1557 ἡδύς,
1037 1491 1088 1542 εἰ
1107 1492 1287 1558 λίγεια
1639 1502 1754 1556 στρ.

392 1577 574 1627 λωτοῦ
597 1572 752 1643 χάρις
778 1572 861 1628 ἐνὶ
886 1576 1050 1641 δαιτί,

398 1663 481 1728 εἴη
507 1654 560 1712 δ’
592 1653 813 1728 εὔχαρις
830 1653 1157 1728 Ἀφροδίτα·

392 1740 634 1810 τερπνὸν
659 1744 724 1797 δέ
741 1764 792 1797 τι
817 1744 910 1798 καὶ
933 1748 1118 1813 φίλων
1142 1734 1235 1813 ἆρ’

392 1823 656 1898 εὐτυχίαν
681 1829 903 1883 ἰδέσθαι

389 1917 502 1966 τῶν
525 1911 699 1983 πάρος
723 1909 790 1967 οὐ
817 1912 1153 1968 δοκούντων.

390 1995 564 2052 πολλὰ
587 1995 692 2068 γὰρ
718 2002 889 2052 τίκτει

389 2087 587 2152 Μοῖρα
609 2079 1048 2152 τελεσσιδῶτειρ’

393 2165 530 2218 αἰών
559 2185 616 2217 τε
644 2163 850 2232 χρόνου
881 2174 1020 2227 παῖς.

391 2256 530 2322 ἔχεις
557 2248 693 2307 ὁδόν
719 2248 849 2321 τιν’,
881 2243 925 2306 ῶ
947 2251 1131 2320 πόλις,
1160 2253 1404 2305 δίκαιον·
1662 2272 1777 2305 αντ.

390 2333 457 2391 οὐ
482 2336 585 2408 χρή
610 2358 742 2392 ποτε
767 2334 885 2392 τόδ’
920 2334 1246 2407 ἀφελέσθαι,

389 2427 553 2491 τιμᾶν
576 2421 775 2486 θεούς·
805 2418 834 2477 ὁ
861 2421 922 2477 δὲ
946 2421 1018 2492 μή
1044 2439 1105 2477 σε
1130 2420 1362 2491 φάσκων

388 2505 554 2576 ἐγγὺς
578 2512 792 2576 μανιῶν
818 2506 1056 2576 ἐλαύνει,

391 2593 773 2662 δεικνυμένων
801 2593 1038 2663 ἐλέγχων

390 2673 577 2730 τῶνδ’·
607 2678 843 2747 ἐπίσημα
868 2676 972 2747 γάρ
997 2699 1080 2731 τοι

389 2760 522 2825 θεὸς
547 2762 931 2832 παραγγέλλει,

683 2855 1243 2901 892--900--2901—-·
1269 2855 1356 2899 909

1787 905 1870 949 885

1786 1330 1869 1373 890

1780 1754 1865 1799 895
