2022 3126
223 99 322 154 416

839 102 1260 148 ΙΠΠΟΛΥΤΟΣ

410 241 577 297 πάλαι
606 238 940 310 προκόψασ’,
963 239 1031 295 οὐ
1057 242 1235 296 πόνου
1259 249 1467 297 πολλοῦ
1491 265 1558 313 με
1590 248 1691 299 δεῖ.

413 326 649 381 ἐλθόντα
673 326 775 396 γάρ
798 349 890 381 νιν
913 327 1169 390 Πιτθέως
1192 323 1312 381 ποτ’
1342 330 1400 381 ἐκ
1425 327 1612 397 δόμων

414 417 632 481 σεμνῶν
657 413 710 475 ἐς
734 408 866 476 ὄψιν
891 412 981 464 καὶ
1006 411 1130 480 τέλη
1156 417 1476 481 μυστηρίων

411 500 720 559 Πανδίονος
744 502 851 566 γῆν
874 492 1078 563 πατρὸς
1106 492 1335 565 εὐγενὴς
1366 496 1545 566 δάμαρ

415 584 610 634 ἰδοῦσα
636 584 852 649 Φαίδρα
879 584 1115 649 καρδίαν
1139 583 1411 648 κατείχετο

415 671 577 733 ε”ρωτι
602 668 767 737 δεινῷ
792 676 902 728 τοῖς
927 666 1073 734 ἐμοῖς
1098 665 1455 734 βουλεύμασι.

412 750 504 803 καὶ
529 749 662 819 πρὶν
683 749 785 819 μὲν
809 752 997 804 ἐλθεῖν
1021 747 1185 818 τήνδε
1209 755 1314 818 γῆν
1347 755 1691 822 Τροιζηνίαν,

408 834 613 902 πέτραν
638 831 766 903 παρ’
796 831 971 903 αὐτὴν
993 832 1282 898 Παλλάδος
1306 833 1573 900 κατόψιον

410 926 508 991 γῆς
531 924 695 991 τῆσδε
719 918 856 975 ναὸν
878 920 1164 991 Κύπριδος
1188 926 1453 975 καθίσατο
1471 963 1485 990 ,

412 1002 574 1073 ἐρώσ’
605 1001 764 1075 ἔρωτ’
794 1009 1054 1075 ἔκδηλον·
1075 1002 1374 1077 Ἱππολύτῳ
1400 1002 1453 1060 δ’
1484 1011 1572 1060 ἔπι

411 1089 468 1144 τὸ
497 1088 693 1145 λοιπὸν
720 1087 998 1160 ὠνόμαζεν
1025 1094 1289 1158 ἱδρῦσθαι
1314 1090 1471 1144 θεάν.

408 1175 525 1229 ἐπεὶ
550 1174 610 1229 δὲ
637 1172 849 1244 Θησεύς
874 1181 1192 1244 Κεκροπίαν
1216 1180 1391 1230 λείπει
1415 1174 1613 1244 χθόνα,

411 1264 616 1329 μίασμα
642 1258 870 1329 φεύγων
895 1263 1116 1329 αἵματος
1138 1264 1555 1328 Παλλαντιδῶν,

408 1345 499 1397 καὶ
524 1341 688 1413 τήνδε
713 1342 820 1398 σὺν
843 1342 1077 1414 δάμαρτι
1101 1350 1394 1399 ναυστολεῖ
1420 1343 1615 1414 χθόνα,

405 1431 691 1483 ἐνιαυσίαν
718 1433 957 1499 ἔκδημον
984 1431 1201 1493 αἰνέσας
1227 1429 1431 1499 φυγήν,

410 1516 655 1568 ἐνταῦθα
681 1513 748 1584 δὴ
773 1516 1041 1569 στένουσα
1066 1511 1528 1584 κάκπεπληγμένη

410 1600 652 1666 κέντροις
679 1604 878 1669 ἔρωτος
902 1595 934 1669 ἡ
959 1596 1170 1653 τάλαιν’
1201 1595 1501 1654 ἀπόλλυται

406 1690 558 1755 σιγῇ·
585 1683 810 1738 σύνοιδε
837 1680 889 1738 δ’
918 1681 1067 1747 οὔτις
1092 1689 1320 1738 οἰκετῶν
1345 1683 1529 1738 νόσον.

407 1765 526 1821 ἀλλ’
557 1765 676 1822 οὔτι
704 1765 905 1838 ταύτης
931 1768 1058 1841 τῇδ’
1081 1774 1254 1836 ἔρωτα
1280 1773 1365 1823 δεῖ
1387 1780 1602 1823 πεσεῖν·

409 1855 567 1918 δείξω
594 1853 654 1908 δὲ
685 1860 859 1924 Θησεῖ
878 1859 1130 1923 πρᾶγμα,
1157 1851 1584 1923 κάκφανήσεται.

409 1939 500 1991 καὶ
525 1936 622 1992 τὸν
647 1939 748 2007 μὲν
772 1935 902 2008 ἡμῖν
926 1940 1189 2007 πολέμιον
1213 1943 1441 1992 νεανίαν

409 2034 591 2076 κτενεῖ
613 2021 789 2092 πατὴρ
816 2020 1063 2092 ἀραῖσιν,
1096 2019 1158 2086 ἃς
1183 2018 1211 2076 ὁ
1238 2021 1458 2084 πόντιος

409 2103 541 2172 ἅναξ
565 2111 854 2163 Ποσειδῶν
880 2104 1100 2161 ὤπασεν
1125 2113 1298 2176 Θησεῖ
1317 2108 1497 2175 γέρας,

407 2190 580 2260 μηδὲν
603 2192 831 2261 μάταιον
857 2196 932 2255 εἰς
956 2192 1070 2260 τρὶς
1098 2187 1363 2256 εὔξασθαι
1385 2195 1517 2263 θεῷ.

406 2270 439 2343 ἢ
469 2273 520 2329 δ’
553 2274 781 2346 εὐκλεὴς
805 2279 932 2346 μέν,
959 2272 1077 2330 ἀλλ’
1108 2272 1252 2345 ὅμως
1277 2272 1596 2344 ἀπόλλυται,

410 2365 653 2428 Φαίδρα·
681 2360 740 2415 τὸ
766 2358 870 2431 γὰρ
896 2358 1050 2430 τῆσδ’
1079 2358 1145 2415 οὐ
1171 2358 1485 2430 προτιμήσω
1511 2356 1684 2413 κακὸν

410 2444 468 2498 τὸ
495 2444 565 2515 μὴ
594 2443 661 2500 οὐ
687 2458 988 2515 παρασχεῖν
1009 2444 1135 2508 τοὺς
1160 2443 1322 2514 ἐμούς
1345 2441 1581 2515 ἐχθρούς
1605 2444 1724 2512 ἐμοὶ

411 2534 573 2599 δίκην
598 2529 871 2600 τοσαύτην
897 2527 1022 2585 ὦστῖ
1036 2535 1152 2601 ἐμοὶ
1174 2534 1351 2591 καλῶς
1377 2534 1535 2598 ἔχειν.

408 2611 532 2667 ἀλλ’
565 2619 760 2685 εἰσορῶ
784 2613 888 2684 γὰρ
914 2615 1075 2670 τόνδε
1098 2618 1266 2668 παῖδα
1293 2615 1512 2684 Θησέως

412 2703 692 2768 στείχοντα
717 2699 895 2768 θήρας
923 2699 1134 2769 μόχθον
1159 2697 1527 2766 ἐκλελοιπότα,

403 2779 754 2851 Ἱππόλυτον,
782 2786 881 2848 ἔξω
910 2787 1085 2838 τῶνδε
1108 2782 1342 2853 βήσομαι
1366 2782 1566 2837 τόπων.

410 2864 581 2930 πολὺς
606 2864 660 2921 δ’
690 2864 782 2937 ἅμ’
813 2864 961 2940 αὐτῷ
986 2866 1315 2938 προσπόλων
1337 2863 1681 2927 ὀπισθόπους

1827 427 1879 469 25

1824 1273 1876 1315 35
