2022 3126
827 76 1095 122 BAKXAI

288 215 385 273 τὸν
401 218 647 287 Σεμέλας
670 215 768 271 τὸν
793 215 941 286 παρὰ
964 217 1420 288 καλλιστεφάνοις

283 300 658 371 εὐφροσύναις
681 304 915 370 δαίμονα
939 306 1094 370 πρῶ-

283 409 380 441 τον
404 384 697 456 μακάρων;
722 380 782 449 ὃς
806 382 926 439 τάδ’
957 391 1083 455 ἔχει,

283 470 574 525 θιασεύειν
598 491 656 523 τε
681 481 864 541 χοροῖς

280 554 416 626 μετά
440 551 477 608 τ’
508 550 685 608 αὐλοῦ
711 553 933 623 γελάσαι

280 637 604 694 ἀποπαῦσαί
623 660 680 692 τε
711 647 993 708 μερίμνας,

281 720 488 778 ὁπόταν
512 722 748 792 βότρυος
775 729 913 795 ἔλθῃ

278 807 444 879 γάνος
470 809 530 862 ἐν
556 809 702 861 δαιτὶ
726 813 897 877 θεῶν,

278 891 632 961 κισσοφόροις
656 889 708 946 δ’
742 895 801 946 ἐν
825 898 1048 954 θαλίαις

279 974 515 1046 ἀνδράσι
538 974 747 1048 κρατὴρ
772 973 956 1031 ὕπνον
982 975 1318 1050 ἀμφιβάλλῃ.

282 1059 561 1131 ἀχαλίνων
586 1061 873 1131 στομάτων

281 1142 492 1215 ἀνόμου
520 1142 558 1200 τ’
589 1142 913 1218 ἀφροσύνας

277 1228 337 1285 τὸ
364 1231 516 1295 τέλος
542 1234 810 1301 δυστυχία
827 1250 837 1259 ·

279 1311 307 1370 ὁ
334 1314 396 1369 δὲ
418 1321 513 1378 τᾶς
537 1311 768 1386 ἡσυχίας

277 1405 461 1471 βίοτος
484 1401 578 1454 καὶ
602 1399 662 1454 τὸ
691 1412 924 1471 φρονεῖν

279 1481 585 1539 ἀσάλευτόν
609 1506 667 1539 τε
691 1486 845 1556 μένει

278 1570 372 1624 καὶ
400 1570 620 1639 συνέχει
646 1569 896 1639 δώματα·
926 1568 1115 1638 πόρσω
1139 1567 1244 1639 γὰρ
1270 1566 1415 1640 ὅμως

277 1655 479 1723 αἰθέρα
505 1660 755 1718 ναίοντες
781 1650 928 1725 ὁρῶ-

278 1755 369 1793 σιν
395 1736 462 1792 τὰ
487 1744 704 1809 βροτῶν
730 1736 1040 1807 οὐρανίδαι.

277 1824 337 1877 τὸ
362 1820 542 1892 σοφὸν
568 1819 620 1877 δ’
649 1819 717 1877 ού
743 1828 911 1892 σοφία

279 1907 342 1962 τό
365 1929 423 1961 τε
447 1906 520 1978 μὴ
544 1906 726 1978 θνητὰ
751 1920 1002 1979 φρονεῖν.

278 1990 487 2063 βραχὺς
511 1992 676 2047 αἰών·
704 1993 794 2047 ἐπὶ
817 1992 993 2066 τούτῳ

282 2078 348 2132 δέ
367 2100 448 2142 τις
474 2073 544 2132 ἂν
570 2077 780 2148 μεγάλα
807 2074 1029 2132 διω’κων

278 2160 345 2217 τὰ
368 2159 591 2233 παρόντ’
621 2159 746 2232 οὐχὶ
772 2163 950 2233 φέροι.

277 2248 628 2317 μαινομένων
653 2251 686 2301 δ
693 2244 706 2265 '
745 2251 861 2301 οἵδε
885 2246 1081 2319 τρόποι

277 2332 372 2386 καὶ
395 2332 756 2403 κακοβούλων
781 2329 902 2403 παρ’
934 2337 1118 2402 ἔμοιγε
1147 2336 1367 2401 φωτῶν.

280 2419 499 2487 ἱκοίμαν
521 2418 646 2472 ποτὶ
669 2415 923 2486 Κύπρον,

277 2505 449 2556 νᾶσον
471 2507 566 2566 τᾶς
583 2499 927 2572 Ἀφροδίτας,

280 2586 341 2640 ἐν
365 2577 399 2658 ᾇ
421 2588 788 2657 θελξίφρονες
811 2588 1013 2656 νέμον-

280 2691 368 2725 ται
391 2668 947 2741 θνατοῖσιν”Ερωτες,

280 2753 458 2825 χθόνα
481 2750 533 2808 θ’
562 2751 632 2810 ἂν
658 2756 1010 2827 ἑκατόστομοι

605 2852 691 2894 402
709 2870 770 2877 —
786 2853 869 2895 415
885 2872 955 2892 z:
971 2852 1052 2894 416
1071 2872 1130 2879 —
1147 2851 1234 2895 433

1654 76 1753 127 103

1668 569 1752 612 380

1669 992 1752 1034 385

1549 1058 1665 1117 livt.

1669 1412 1753 1456 390

1668 1837 1753 1882 395

1669 2259 1753 2300 400

1551 2434 1665 2486 στρ.
