2022 3126
212 87 308 140 130

211 239 329 287 KA.

221 1684 330 1739 ΑΓ.

234 2619 343 2671 ΚΛ.

902 90 1172 139 ΒΑΚΧΑῙ

400 232 610 288 ε’πεσθέ
634 253 729 302 μοι
761 231 1025 303 φέροντες
1055 228 1259 286 αθλιον
1282 232 1452 302 βάρος

397 317 694 386 Πενθέως,
726 317 958 387 ἕπεσθε,
990 312 1323 386 πρόσπολοι,
1351 316 1539 387 δόμων
1564 316 1752 392 πάρος,

399 402 467 457 οῦ
493 407 648 472 σῶμα
672 406 901 471 μοχθῶν
924 406 1143 472 μυρίοις
1167 401 1428 473 ζητήμασι

400 488 553 558 φέρω
578 482 697 541 τόδ’
728 482 911 558 εῦρων
935 488 995 541 ἐν
1020 491 1379 558 Κιθαιρωνος
1406 500 1636 558 πτυχαῖς

401 571 844 642 διασπαρακτόν,
876 567 1082 626 κούδὲν
1107 573 1167 626 ἐν
1196 567 1378 645 ταύτῷ
1404 573 1554 646 πέδῳ

401 656 625 726 [nasta-iv,
642 658 702 712 ἐν
731 653 838 729 ῦλῃ
868 662 1125 727 κείμενον
1150 658 1504 731 δυσευρέτω].

402 738 615 813 ἤκουσα
643 740 748 813 γάρ
778 765 876 796 του
905 742 1239 808 θυγατέρων
1262 742 1597 813 τολμήματα,

403 823 510 897 ’ἤδη
540 823 651 882 κατ’
681 824 819 882 ἄστυ
849 828 1073 897 τειχέων
1099 831 1205 882 ε”σω
1229 825 1409 898 βεβώς

405 910 514 967 σὺν
543 918 617 986 τῷ
646 913 867 984 γέροντι
898 918 1154 986 Τειρεσία
1186 918 1415 982 Βακχῶν
1444 909 1618 984 πάρα·

407 997 573 1053 πάλιν
603 996 665 1052 δὲ
693 997 912 1068 κάμψας
944 1002 1020 1061 εἰς
1044 994 1171 1069 ὅρος
1193 1004 1479 1069 κομίζομαι

405 1081 504 1138 τὸν
532 1083 885 1138 κατθανόντα
914 1086 1085 1138 παῖδα
1111 1083 1429 1138 Μαινάδων
1458 1079 1587 1137 ῦπο.

404 1169 498 1224 καὶ
519 1166 622 1238 τὴν
650 1167 751 1239 μὲν
776 1165 1054 1223 Ἀκταίων’
1076 1165 1369 1239 Ἀρισταίῳ
1399 1168 1530 1224 ποτε

407 1258 677 1309 τεκοῦσαν
702 1252 852 1308 εἶδον
876 1249 1171 1323 Αὐτονόην
1194 1250 1311 1308 Ἰνω’
1336 1250 1387 1307 θ’
1415 1249 1525 1323 ἅμα

406 1335 471 1394 ἔτ’
502 1333 644 1408 ἀμφὶ
673 1342 906 1409 δρυμοῖς
931 1343 1335 1409 οἰστροπλῆγας.
1358 1334 1575 1408 ἀθλίας,

407 1420 508 1494 τὴν
539 1419 590 1477 δ’
623 1421 743 1478 εἶπέ
768 1428 848 1487 τίς
872 1445 964 1493 μοι
985 1426 1152 1494 δεῦρο
1184 1429 1422 1496 βακχείῳ
1447 1424 1576 1478 ποδὶ

407 1511 644 1577 στείχειν
663 1505 932 1579 Ἀγαύην,
960 1504 1084 1562 οὐδ’
1115 1504 1334 1580 ἄκραντ’
1362 1505 1705 1578 ἠκούσαμεν·

409 1593 624 1649 λεύσσω
653 1592 754 1664 γὰρ
787 1590 981 1663 αὐτήν,
1013 1590 1145 1658 ὄψιν
1171 1590 1274 1648 οὐκ
1302 1590 1623 1664 εὐδαίμονα.

400 1679 588 1749 πάτερ,
617 1680 874 1749 μέγιστον
905 1678 1183 1749 κομπάσαι
1211 1679 1446 1751 πάρεστί
1464 1696 1570 1749 σοι,

408 1763 633 1820 πάντων
659 1762 883 1835 ἀρίστας
906 1765 1222 1836 θυγατέρας
1251 1777 1473 1835 σπεῖραι
1503 1768 1698 1839 μακρῷ

409 1855 663 1920 θνητῶν·
694 1846 904 1913 ἁπάσας
931 1848 1114 1919 εἶπον,
1141 1849 1337 1920 ἐξόχως
1363 1846 1418 1904 δ’
1448 1851 1557 1920 ἐμέ,

411 1930 446 2005 ἢ
469 1937 566 1998 τὰς
589 1931 710 2005 παρ’
748 1937 917 1998 ἱστοῖς
943 1937 1244 1989 ἐκλιποῦσα
1268 1938 1528 2006 κερκίδας

412 2024 488 2084 εἰς
518 2025 702 2090 μεῖζον
727 2015 862 2089 ἥκω,
889 2025 1070 2089 θῆρας
1095 2015 1357 2090 ἀγρεύειν
1383 2030 1585 2090 χεροῖν.

411 2106 564 2176 φέρω
591 2100 643 2159 δ’
678 2106 737 2159 ἐν
764 2099 1085 2174 ὠλέναισιν,
1119 2101 1191 2168 ὡς
1216 2100 1374 2177 ὁρᾷς,
1400 2103 1532 2159 τάδε

409 2194 655 2262 λαβοῦσα
679 2186 986 2261 τάριστεῖα,
1013 2201 1159 2244 σοῖσι
1189 2187 1326 2261 πρὸς
1351 2189 1541 2261 δόμοις

415 2272 487 2340 ὡς
512 2270 580 2329 ἂν
612 2279 926 2346 κρεμασθῇ·
976 2272 1046 2329 σὺ
1075 2273 1136 2328 δὲ
1161 2274 1328 2345 πάτερ
1356 2276 1506 2340 δέξαι
1530 2286 1740 2346 χεροῖνἱ

415 2359 794 2432 γαυρούμενος
819 2359 880 2414 δὲ
904 2371 1016 2423 τοῖς
1041 2361 1187 2430 ἐμοῖς
1212 2356 1519 2432 ἆγρεύμασι

413 2445 566 2500 κάλει
593 2450 792 2516 φίλους
823 2449 898 2509 εἰς
924 2448 1108 2500 δαῖτα·
1143 2444 1406 2517 μακάριος
1431 2443 1533 2516 γὰρ
1563 2444 1628 2516 εἶ,

413 2529 709 2601 μακάριος,
737 2526 895 2600 ἡμῶν
923 2526 1099 2585 τοιάδ’
1130 2531 1584 2601 ἐξειργασμένων.

416 2638 456 2670 ω
487 2617 696 2680 πένθος
727 2612 794 2669 οὐ
821 2612 1091 2687 μετρητὸν
1117 2611 1240 2669 οὐδ’
1276 2609 1396 2670 οἷόν
1425 2611 1464 2669 τ’
1494 2619 1653 2686 ἰδεῖν,

417 2699 594 2771 φόνον
624 2706 907 2765 ταλαίναις
930 2700 1119 2771 χερσὶν
1145 2702 1597 2771 ἐξειργασμένων.

417 2782 590 2840 καλὸν
619 2782 679 2840 τὸ
710 2791 866 2855 θῦμα
891 2790 1277 2856 καταβαλοῦσα
1308 2789 1565 2856 δαίμοσιν

416 2870 504 2925 ἐπὶ
533 2873 692 2925 δαῖτα
716 2870 900 2941 Θήβας
924 2870 1090 2925 τάσδε
1114 2866 1253 2941 κάμὲ
1277 2877 1629 2941 παρακαλεῖς.

1761 587 1868 630 1220

1768 1011 1873 1054 1225

1769 1437 1877 1479 1230

1771 1862 1879 1904 1235

1772 2287 1881 2329 1240

1775 2712 1880 2755 1245
