2022 3126
811 127 1057 172 EKABH
1650 124 1748 174 165

291 268 488 340 [νόμος·
519 266 669 340 νόμῳ
693 265 796 337 γὰρ
822 260 949 329 τούς
971 263 1140 329 θεοὺς
1167 261 1455 337 ἡγούμεθα
1668 277 1752 321 800

295 354 385 408 καὶ
408 358 583 423 ζῶμεν
611 347 774 405 ἄδικα
797 350 890 403 καὶ
915 347 1086 403 δίκαι’
1116 345 1466 419 ὡρισμένον]

295 433 354 501 ὃς
381 443 456 502 εἰς
479 433 530 491 σ’
559 433 816 490 άνελθῶν
842 438 892 488 εἰ
912 432 1371 504 διαφθαρήσεται,

293 524 384 576 καὶ
411 519 482 592 μὴ
508 524 670 590 δίκην
695 515 972 573 δῶσουσιν
999 521 1196 580 οἵτινες
1219 519 1408 584 ξένους

296 611 609 661 κτείνουσιν
632 600 667 674 ἦ
690 608 844 658 θεῶν
870 601 988 674 ἱερὰ
1012 607 1286 672 τολμῶσιν
1312 604 1522 673 φέρειν,

293 686 395 744 οὐκ
422 696 569 744 ἔστιν
594 685 762 743 οὐδὲν
787 692 898 741 τῶν
924 689 984 741 ἐν
1007 683 1324 757 ἀνθρώποις
1352 695 1489 742 ἴσον.
1670 701 1753 744 805

292 771 446 828 ταῦτ’
479 765 582 829 οὖν
607 776 666 827 ἐν
690 777 894 845 αἰσχρῷ
919 772 1152 841 θέμενος
1176 773 1470 842 αἰδέσθητί
1491 788 1583 842 με·

294 866 568 929 οἴκτειρον
591 854 756 928 ἡμᾶς,
786 853 857 920 ῶς
881 855 1128 926 γραφεύς
1152 853 1200 910 τ’
1230 852 1564 920 άποσταθεὶς

294 947 420 997 ι’δοῦ
444 965 511 1013 με
534 939 891 1012 κᾶνάθρησον
916 936 989 995 οἷ’
1021 946 1122 1010 ἔχω
1148 939 1304 995 κακά.

291 1026 562 1097 τύραννος
601 1017 634 1093 ἦ
682 1023 823 1095 ποτ’,
852 1022 990 1079 ἀλλὰ
1015 1031 1123 1079 νῦν
1148 1024 1318 1095 δούλη
1344 1026 1530 1095 σέθεν,

292 1108 485 1175 εὔπαις
509 1107 633 1165 ποτ’
662 1101 828 1179 οὖσα,
854 1115 962 1164 νῦν
987 1109 1048 1164 δὲ
1072 1115 1246 1181 γραῦς
1272 1107 1434 1174 ἅπαις
1458 1106 1520 1164 θ’
1551 1105 1676 1181 ἅμα,

290 1193 481 1260 ἄπολις
505 1200 728 1266 ἔρημος,
756 1191 1069 1264 ἀθλιωτάτη
1094 1200 1327 1266 βροτῶν.
1677 1207 1749 1250 811

289 1288 434 1350 οἴμοι
459 1279 716 1349 τάλαινα,
743 1291 841 1333 ποῖ
858 1275 914 1349 μ’
945 1276 1234 1349 ὑπεξάγεις
1260 1279 1432 1344 πόδας

293 1369 443 1419 ἔοικα
469 1364 695 1434 πράξειν
718 1361 913 1418 οὐδέν·
944 1355 988 1417 ῶ
1013 1361 1226 1418 τάλαιν’
1256 1363 1377 1434 ἐγώ.

290 1454 347 1503 τί
365 1453 500 1519 δῆτα
523 1449 724 1519 θνητοὶ
747 1445 915 1502 τᾶλλα
941 1447 1041 1518 μὲν
1066 1447 1363 1518 μαθήματα

289 1538 610 1604 μοχθοῦμεν
639 1530 711 1596 ῶς
735 1530 836 1603 χρὴ
862 1531 1039 1586 πάντα
1066 1535 1157 1587 καὶ
1179 1532 1542 1603 μαστεύομεν,
1671 1545 1755 1589 815

292 1615 469 1672 πειθώ
499 1617 560 1672 δὲ
583 1616 684 1687 τὴν
709 1617 985 1688 τύραννον
1011 1614 1333 1687 ἀνθρώποις
1358 1617 1537 1688 μόνην

291 1700 458 1758 οὐδέν
482 1725 533 1756 τι
556 1708 765 1772 μᾶλλον
791 1704 844 1765 ἐς
869 1703 1020 1765 τέλος
1044 1701 1418 1772 σπουδάζομεν

288 1787 526 1861 μισθοὺς
551 1788 800 1852 διδόντες
823 1786 1161 1858 μανθάνειν,
1189 1783 1263 1841 ἵν’
1293 1779 1363 1857 ἦν
1387 1809 1518 1841 ποτε

285 1880 507 1929 πείθειν
532 1869 567 1927 δι’
590 1896 669 1937 τις
693 1871 949 1942 βούλοιτο
975 1871 1270 1942 τυγχάνειν
1293 1867 1355 1926 θ’
1386 1869 1525 1942 ἅμα;

289 1964 402 2022 πῶς
428 1950 533 2014 οὖν
558 1955 634 2012 ἔτ’
663 1954 732 2011 ἅν
756 1980 835 2021 τις
859 1959 1075 2010 ἐλπίσαι
1101 1956 1328 2026 πράξειν
1352 1963 1561 2021 καλῶς’,
1670 1968 1756 2010 820

291 2044 466 2114 οἱμὲν
494 2044 595 2111 γὰρ
627 2041 783 2107 ὄντες
811 2047 998 2106 παῖδες
1026 2038 1207 2095 οὐκέτ’
1244 2045 1352 2095 εἰσί
1379 2063 1489 2110 μοι,

287 2125 426 2198 αὐτὴ
453 2125 505 2183 δ’
535 2124 620 2182 ἐπ’
652 2132 893 2198 αἰσχροῖς
917 2125 1252 2197 αἰχμάλωτος
1276 2134 1514 2197 οἴχομαι·

289 2209 503 2267 καπνὸν
528 2212 588 2266 δὲ
613 2211 821 2275 πόλεως
847 2208 1000 2266 τόνδ’
1029 2207 1502 2281 ὑπερθρώσκονθ’
1532 2207 1642 2281 ὁρῶ

288 2298 379 2357 καὶ
403 2295 512 2367 μὴν
538 2305 669 2360 ἴσως
692 2297 794 2366 μὲν
817 2302 917 2350 τοῦ
943 2295 1112 2366 λόγου
1140 2293 1307 2350 κενὸν
1330 2295 1473 2364 τόδε,

288 2381 514 2452 Κύπριν
539 2381 871 2452 προβάλλειν
889 2399 899 2409 ·
935 2377 1055 2435 ἀλλ’
1087 2377 1232 2450 ὅμως
1259 2380 1556 2450 εἰρήσεται·
1673 2394 1755 2435 825

289 2464 424 2537 πρὸς
448 2479 591 2521 σοῖσι
616 2473 875 2536 πλευροῖς
899 2479 1024 2529 παῖς
1049 2463 1146 2535 ε’μὴ
1172 2471 1467 2534 κοιμίζεται

294 2546 323 2620 ἡ
349 2550 573 2622 φοιβάς,
600 2546 670 2620 ἣν
693 2556 924 2605 καλοῦσι
948 2549 1285 2621 Κασάνδραν
1311 2550 1545 2620 Φρύγες.

290 2640 398 2688 ποῦ
424 2633 517 2698 τὰς
541 2640 704 2705 φίλας
730 2632 851 2706 δῆτ’
883 2631 1163 2707 εὐφρόνας
1188 2636 1409 2704 δείξεις,
1437 2631 1588 2704 ἅναξ,

288 2712 326 2789 ἦ
352 2724 463 2773 τῶν
488 2721 548 2773 ἐν
572 2716 708 2791 εὐνῇ
736 2718 1014 2790 φιλτάτων
1040 2715 1407 2789 ἀσπασμάτων

291 2801 451 2873 χάριν
473 2800 580 2857 τίν’
612 2805 718 2869 ἕξει
742 2816 868 2868 παῖς
892 2803 1019 2874 ἐμή,
1045 2808 1229 2873 κείνης
1253 2801 1307 2858 δ’
1336 2803 1472 2875 ἐγώ,
1671 2813 1753 2856 830
