2022 3126
39 1716 153 1765 ΕΛ.

754 134 1002 181 ΕΛΕΝΗ
1591 133 1688 182 227

227 271 518 347 τερφθεῐσ’
546 271 857 347 ἀλαλαγμῷ.

228 355 298 415 ὃν
323 356 391 414 οὐ
421 360 582 430 θέμις
606 355 659 414 σ’
689 353 815 413 οὐδ’
845 355 969 414 ὁσία
1491 358 1606 416 ἀντ.

229 444 517 511 ἐπύρωσας
541 444 599 494 ἐν
625 440 913 509 θαλάμοις,

228 533 396 598 μῆνιν
420 523 474 582 δ’
500 525 641 611 εἶχες
670 526 908 597 μεγάλας
1587 545 1691 587 1355

230 612 448 682 ματρός,
476 612 517 666 ὦ
543 624 667 681 παῖ,
693 617 896 675 θυσίας

232 693 298 751 οὗ
323 701 612 767 σεβίζουσα
635 701 786 760 θεᾶς.

228 784 365 851 μέγα
390 803 474 835 τοι
499 779 729 834 δύναται
756 785 973 851 νεβρῶν

229 871 584 935 παμποίκιλοι
613 868 857 928 στολίδες

227 955 398 1023 κισσῷ
425 971 481 1004 τε
505 957 808 1018 στεφθεῖσα
830 948 961 1018 χλόα
1588 966 1693 1009 1360

227 1033 513 1105 νάρθηκας
538 1038 613 1097 είς
638 1033 839 1103 ἱερούς,

231 1118 452 1190 ρόμβων
476 1113 538 1172 θ’
570 1119 914 1191 εἱλισσομένα

228 1200 454 1267 κύκλιος
483 1207 661 1266 ἔνοσις
683 1205 924 1272 αἰθερία,

227 1286 578 1358 βακχεύουσά
601 1282 650 1340 τ’
680 1291 871 1357 ἔθειρα
901 1292 1124 1360 Βρομίῳ

226 1373 318 1426 καὶ
343 1375 675 1441 παννυχίδες
698 1376 850 1435 θεᾶς.
1588 1387 1694 1430 1365

228 1448 291 1510 εὗ
317 1458 382 1511 δέ
401 1478 493 1511 νιν
520 1452 722 1525 ἄμασιν

229 1537 507 1611 ὑπέρβαλε
533 1539 751 1595 σελάνα.

227 1631 417 1697 μορφᾷ
439 1624 608 1694 μόνον
631 1620 834 1695 ηὔχεις.

228 1707 290 1763 τὰ
317 1708 418 1779 μὲν
441 1705 561 1764 κατ’
590 1715 776 1774 οἴκους
799 1705 1171 1779 εὐτυχοῦμεν,
1199 1700 1242 1761 c5
1266 1715 1449 1779 φίλαι·

227 1790 260 1865 ἡ
285 1792 390 1864 γὰρ
418 1793 897 1849 συνεκκλέπτουσα
920 1795 1193 1863 Πρωτέως
1212 1791 1350 1864 κόρη
1583 1808 1695 1852 1370

231 1878 395 1933 πόσιν
420 1876 664 1949 παρόντα
689 1875 786 1932 τὸν
813 1876 944 1948 ἐμὸν
975 1880 1335 1949 ἱστορουμένη

231 1959 333 2017 οὐκ
360 1958 469 2017 εἶπ’
497 1959 721 2035 ἀδελφῷ
737 1980 747 1989 ·
775 1961 1125 2017 κατθανόντα
1151 1957 1204 2016 δ’
1236 1963 1296 2016 ἐν
1319 1964 1484 2032 χθονὶ

234 2044 300 2101 οὗ
327 2066 496 2118 φησιν
522 2044 697 2117 αὐγὰς
723 2051 945 2115 εἰσορᾶν
971 2045 1107 2118 ἐμὴν
1129 2046 1306 2116 χάριν.

232 2131 491 2186 κάλλιστα
517 2129 585 2202 δὴ
611 2127 731 2185 τάδ’
760 2127 966 2202 ἥρπασ’
994 2133 1054 2186 ἐν
1077 2130 1212 2202 τύχῃ
1239 2131 1421 2198 πόσις·

232 2212 266 2269 α’
289 2213 394 2286 γὰρ
419 2216 690 2286 καθήσειν
720 2211 847 2270 ὅπλ’
877 2221 1102 2285 ἔμελλεν
1127 2220 1202 2279 εἰς
1227 2212 1347 2285 ἅλα,
1588 2230 1694 2273 1375

230 2296 384 2372 ταῦτ’
417 2298 670 2370 ἐμβαλων
695 2299 935 2369 πόρπακι
959 2306 1224 2370 γενναίαν
1247 2302 1377 2370 χέρα

232 2380 398 2448 αὐτὸς
420 2390 625 2455 κομίζει
650 2383 790 2455 δόρυ
813 2406 872 2440 τε
895 2387 1047 2458 δεξιᾷ
1069 2383 1274 2455 λαβών,

233 2465 304 2532 ὡς
327 2473 400 2541 τῷ
425 2468 658 2524 θανόντι
682 2468 873 2540 χάριτα
898 2468 965 2540 δὴ
990 2473 1368 2524 συνεκπονῶν.

232 2552 519 2623 προύργου
545 2550 597 2608 δ’
629 2555 682 2618 ἐς
711 2549 886 2624 ἀλκὴν
909 2548 1050 2623 σῶμ’
1076 2548 1262 2617 ὅπλοις
1285 2550 1575 2625 ἠσκησατο,

238 2633 308 2700 ὡς
332 2637 630 2708 βαρβάρων
655 2636 886 2708 τρόπαια
912 2643 1130 2708 μυρίων
1154 2639 1272 2709 χερὶ
1586 2652 1694 2695 1380

229 2721 465 2792 στήσων,
482 2718 614 2777 ὅταν
637 2726 889 2793 κωπῆρες
916 2727 1185 2791 εἰσβῶμεν
1207 2721 1434 2792 σκάφος,

234 2806 473 2870 πέπλους
495 2803 728 2876 ἀμείψας
751 2803 874 2862 ἀντὶ
896 2804 1233 2877 ναυφθόρου
1258 2813 1469 2877 στολῆς,

237 2886 352 2959 ἁγοό
377 2912 470 2944 νιν
494 2890 758 2961 ἐξήσκησα
781 2891 873 2944 καὶ
897 2896 1148 2961 λουτροῖς
1170 2890 1305 2961 χρόα

1317 2971 1380 3020 15
1402 2975 1424 2999 *
