2022 3126
193 65 258 116 38

812 68 1054 115 ΑΛΚΗΣ
1060 69 1131 114 TI
1134 70 1183 114 Σ

381 209 483 273 ἕως
514 203 584 264 ἂν
608 211 811 273 ἵππους
836 212 1005 279 δεῦρο
1041 213 1285 281 Θρῃκίοις
1310 204 1464 280 ἄγων

382 299 546 363 ἔλθω,
577 293 858 362 τύραννον
887 294 1173 348 Βιστόνων
1193 293 1571 347 κατακτανών.

382 377 586 449 πράξας
611 374 664 432 δ’
695 373 725 432 ὃ
749 374 822 447 μὴ
848 375 1091 447 τύχοιμι,
1128 377 1452 448 νοστήσαιμι
1479 376 1603 449 γάρ,

380 466 581 534 δίδωμι
608 461 774 533 τήνδε
801 474 946 516 σοῖσι
972 468 1307 533 προσπολεῖν
1333 462 1537 533 δόμοις,

380 553 569 622 πολλῷ
596 546 656 602 δὲ
681 546 875 621 μόχθῳ
900 558 1085 616 χεῖρας
1111 536 1289 616 ἦλθεν
1316 552 1390 612 εἰς
1417 547 1574 618 ἐμάς·
1754 561 1861 604 1025

378 629 567 704 ἀγῶνα
591 631 695 704 γὰρ
722 630 1012 702 πάνδημον
1039 627 1280 701 εὑρίσκω
1309 630 1461 696 τινας

378 719 661 788 τιθέντας,
691 713 1024 788 ἀθληταῖσιν
1049 713 1204 783 ἄξιον
1228 715 1422 787 πόνον,

379 799 519 859 ὅθεν
543 808 745 874 κομίζω
771 802 936 874 τήνδε
961 801 1255 873 νικητήρια

379 887 593 960 λαβών·
622 886 686 943 τὰ
709 887 811 959 μὲν
837 886 941 959 γὰρ
969 892 1158 957 κοῦφα
1182 900 1295 952 τοῖς
1320 893 1555 943 νικῶσιν
1581 879 1651 960 ἦν

378 978 579 1039 ἵππους
603 971 867 1046 ἄγεσθαι,
894 985 1033 1028 τοῖσι
1061 969 1113 1028 δ’
1145 964 1218 1028 αὖ
1241 971 1307 1029 τὰ
1332 979 1555 1044 μείζονα
1752 987 1863 1031 1030

378 1065 592 1129 νικῶσι,
621 1055 846 1130 πυγμὴν
871 1059 962 1114 καὶ
987 1058 1196 1129 πάλην,
1225 1059 1571 1131 βουφόρβια·

381 1148 524 1218 γυνὴ
552 1143 603 1201 δ’
636 1140 713 1201 ἐπ’
742 1140 928 1210 αὐτοῖς
957 1140 1116 1200 εἵπετ’
1135 1162 1146 1172 ·
1179 1143 1464 1215 ἐντυχόντι
1491 1143 1553 1200 δὲ

378 1229 606 1301 αἰσχρὸν
632 1242 890 1301 παρεῖναι
917 1231 1112 1300 κέρδος
1140 1220 1206 1301 ἧν
1232 1226 1347 1285 τόδ’
1380 1227 1618 1294 εὐκλεές.

378 1313 490 1372 ἀλλ’
521 1313 703 1388 ὥσπερ
732 1315 915 1387 εἶπον,
942 1316 1027 1371 σοὶ
1053 1316 1242 1386 μέλειν
1267 1327 1507 1387 γυναῖκα
1532 1315 1662 1387 χρή·

377 1399 445 1457 οὐ
472 1401 575 1473 γὰρ
603 1406 902 1472 κλοπαίαν,
929 1398 1067 1456 ἀλλὰ
1092 1398 1200 1456 σὺν
1226 1400 1378 1476 πόνῳ
1404 1398 1593 1472 λαβὼν
1754 1413 1862 1457 1035

379 1485 493 1559 ἥκω
511 1506 521 1516 ·
548 1487 727 1561 χρόνῳ
755 1487 816 1542 δὲ
841 1488 933 1542 καὶ
960 1487 1030 1542 σύ
1056 1483 1104 1559 μ’
1134 1488 1370 1552 αἰνέσεις
1396 1495 1543 1551 ἴσως.

195 1584 306 1634 ΑΔ.
373 1570 525 1629 οὔτοι
552 1571 601 1628 σ’
632 1571 829 1641 ἀτίζων
856 1570 979 1628 οὐδ’
1012 1576 1072 1628 ἐν
1098 1575 1385 1645 ἐχθροῖσιν
1412 1573 1588 1638 τιθεὶς

379 1656 580 1729 ἔκρυψ’
611 1662 740 1730 ἐμῆς
765 1657 1030 1730 γυναικὸς
1058 1655 1299 1722 ἀθλίους
1329 1656 1530 1727 τύχας·

377 1741 488 1800 ἀλλ’
519 1742 682 1816 ἄλγος
709 1741 865 1816 ἄλγει
892 1741 1034 1800 τοῦτ’
1065 1740 1134 1800 ἂν
1164 1736 1230 1817 ἧν
1255 1749 1679 1818 προσκείμενον,

382 1839 551 1886 εἴτου
578 1827 715 1901 πρὸς
740 1825 911 1885 ἄλλου
939 1826 1150 1900 δώμαθ’
1181 1826 1446 1901 ὡρμήθης
1472 1829 1661 1896 ξένου·
1754 1841 1862 1885 1040

379 1912 498 1980 ἅλις
524 1915 584 1971 δὲ
608 1921 824 1970 κλαίειν
853 1912 1060 1986 τούμὸν
1086 1906 1155 1986 ἦν
1181 1917 1301 1987 ἐμοὶ
1327 1914 1517 1970 κακόν.

379 2013 618 2073 γυναῖκα
643 1997 716 2069 δ’,
745 2008 799 2056 εἴ
819 2022 932 2065 πως
959 2006 1136 2069 ἔστιν,
1172 2005 1435 2070 αἰτοῦμαί
1456 1997 1529 2068 σ’,
1558 1996 1712 2070 ἅναξ,

380 2083 550 2142 ἄλλον
575 2083 671 2141 τιν’
702 2082 851 2150 ὅστις
875 2084 948 2157 μὴ
976 2087 1263 2142 πέπονθεν
1289 2081 1357 2141 οἷ’
1388 2085 1494 2157 ἐγώ

380 2172 572 2240 σώζειν
597 2168 814 2243 ἄνωχθι
842 2177 1168 2241 Θεσσαλῶν,
1195 2173 1389 2227 πολλοὶ
1415 2173 1480 2226 δέ
1502 2189 1588 2226 σοι

380 2260 526 2324 ξένοι
552 2262 830 2329 Φεραίων,
863 2255 935 2328 μὴ
958 2255 1069 2328 ’μέ·
1099 2256 1424 2329 μιμνήσκεις
1448 2262 1654 2312 κακῶν.
1752 2269 1860 2313 1045

380 2340 482 2398 οὐκ
508 2339 576 2398 ἂν
602 2347 882 2415 δυναίμην
907 2340 1065 2414 τήνδ’
1095 2339 1245 2414 ὁρῶν
1270 2345 1329 2398 ἐν
1359 2342 1610 2414 δώμασιν

382 2425 628 2500 ἄδακρυς
656 2427 822 2484 εἶναι·
850 2427 923 2500 μὴ
950 2434 1221 2484 νοσοῦντί
1232 2451 1326 2500 μοι
1351 2428 1520 2484 νόσον

383 2519 659 2586 προσθῇς·
689 2510 809 2578 ἅλις
833 2513 937 2585 γὰρ
966 2519 1232 2587 συμφορᾷ
1256 2512 1588 2586 βαρύνομαι.

382 2604 492 2654 ποῦ
516 2600 609 2654 καὶ
639 2597 877 2670 τρέφοιτ’
907 2597 975 2655 ἂν
1001 2600 1273 2671 δωμάτων
1297 2601 1396 2655 νέα
1420 2598 1596 2671 γυνής

382 2690 480 2740 νεά
504 2683 609 2752 γάρ
626 2727 639 2753 ,
676 2681 748 2749 ὡς
774 2686 968 2756 ἐσθῆτι
994 2687 1086 2740 καὶ
1112 2685 1298 2760 κόσμῳ
1324 2685 1537 2757 πρέπει.
1750 2695 1864 2738 1050

382 2767 586 2840 πότερα
614 2766 720 2839 μετ’
749 2766 974 2841 ἀνδρῶν
1000 2768 1110 2841 δῆτ’
1142 2768 1415 2841 ἐνοικήσει
1441 2771 1670 2841 στέγηνς

382 2855 474 2909 καὶ
498 2860 613 2919 πῶς
637 2851 950 2926 ἀκραιφνὴς
977 2857 1035 2910 ἐν
1061 2856 1206 2920 νέοις
1231 2857 1611 2926 στρωφωμένη
