2022 3126
109 496 261 545 ΑΓΓ.

690 96 1147 143 ΑΝΔΡΟΜΑΧΗ
1691 96 1755 146 81

289 241 378 292 οἵα
403 259 471 307 με
495 233 592 290 τὸν
620 234 897 304 δύστηνον
923 231 1194 304 άμφιβᾶσ’
1224 241 1378 305 ἔχεις.

290 326 404 384 πῶς
432 317 485 374 δ’
519 324 727 388 οἴχεταί
745 340 837 388 μοι
869 331 995 381 παῖς
1018 318 1194 388 μόνου
1220 317 1416 383 παιδὸς
1439 320 1634 390 μόνος;

290 400 502 475 σήμαιν’
520 421 530 430 ·
560 400 795 458 ἀκοῦσαι
820 399 873 456 δ’
907 399 1010 456 οὐκ
1037 400 1267 457 άκούσθ’
1305 400 1451 473 ὅμως
1477 407 1644 461 θέλω.

289 490 408 543 ἐπεὶ
431 510 490 542 το
516 485 740 541 κλεινὸν
764 484 1014 557 ἤλθομεν
1039 494 1255 558 Φοίβου
1281 490 1468 558 πέδον,
1653 503 1761 547 1085

293 585 437 644 τρεῖς
460 571 562 642 μὲν
587 569 832 642 φαεννὰς
861 567 1022 641 ἡλίου
1047 572 1330 637 διεξόδους

292 659 399 729 θέᾳ
424 655 673 720 διδόντες
698 652 885 726 ὄμματ’
921 658 1340 726 ἐξεπίμπλαμεν.

292 742 385 796 καὶ
408 738 564 795 τοῦθ’
594 737 846 795 ὕποπτον
870 733 940 809 ἦν
966 737 1045 811 ἄρ’
1067 759 1078 768 ·
1118 746 1193 805 είς
1219 741 1281 796 δὲ
1307 741 1596 806 συστάσεις

290 825 530 888 κύκλους
553 822 592 879 τ’
622 824 815 895 ἐχω’ρει
839 823 969 888 λαὸς
994 825 1229 897 οἰκήτωρ
1254 831 1413 880 θεοῦ.

283 906 685 980 Ἀγαμέμνονος
709 910 771 964 δὲ
795 922 922 973 παῖς
949 914 1274 980 διαστείχων
1298 910 1461 965 πόλιν
1652 923 1763 966 1090

292 999 368 1057 εἰς
394 994 491 1058 οὓς
518 993 724 1068 ἑκάστῳ
751 998 1044 1064 δυσμενεῖς
1067 993 1213 1066 ηὔδα
1237 994 1464 1065 λόγους·

289 1075 453 1149 ὁρᾶτε
476 1083 701 1146 τοῦτον,
729 1074 788 1142 ὃς
814 1083 1108 1149 διαστείχει
1134 1086 1277 1135 θεοῦ

288 1168 501 1233 χρυσοῦ
526 1165 764 1233 γέμοντα
792 1163 999 1233 γύαλα,
1026 1162 1352 1236 θησαυρούς
1377 1169 1611 1235 βροτῶν,

287 1245 346 1302 τὸ
377 1247 639 1318 δεύτερον
664 1244 884 1317 παρόντ’
914 1246 995 1319 ἐφ’
1024 1245 1132 1304 οἷσι
1157 1251 1250 1304 καὶ
1275 1248 1448 1320 πάρος

288 1329 436 1402 δεῦρ’
468 1323 611 1402 ἦλθε
641 1338 855 1403 Φοίβου
879 1331 1019 1387 ναὸν
1045 1336 1304 1403 ἐκπέρσαι
1328 1335 1543 1400 θέλων;
1654 1347 1762 1389 1095

288 1414 392 1471 κάκ
415 1413 572 1471 τοῦδ’
602 1416 794 1487 ἐχώρει
820 1416 1017 1487 ῥόθιον
1042 1421 1102 1473 ἐν
1127 1418 1285 1473 πόλει
1310 1418 1500 1487 κακόν,

288 1498 455 1572 ἀρχαί
475 1497 514 1554 τ’
543 1498 865 1573 ἐπληροῦντ’
899 1509 978 1566 εἷς
1003 1525 1061 1557 τε
1084 1503 1459 1574 βουλευτήρια

290 1590 408 1658 ἰδίᾳ
431 1582 494 1640 θ’
523 1582 643 1640 ὅσοι
667 1591 808 1640 θεοῦ
831 1586 1126 1657 χρημάτων
1151 1590 1461 1658 ἐφέστασαν

290 1668 549 1742 φρουρὰν
575 1667 808 1735 ἐτάξαντ’
841 1673 902 1725 ἐν
927 1671 1278 1743 περιστύλοις
1304 1672 1510 1742 δόμοις.

291 1752 444 1825 ἡμεῖς
469 1754 530 1809 δὲ
553 1759 699 1824 μῆλα
726 1754 1011 1825 φυλλάδος
1033 1762 1357 1828 Παρνασίας
1653 1772 1764 1812 1100

288 1834 630 1909 παιδεύματ’,
658 1836 827 1894 οὐδὲν
851 1843 1031 1896 τῶνδέ
1051 1863 1136 1896 πω
1164 1843 1528 1912 πεπυσμένοι,

289 1923 552 1994 λαβόντες
576 1923 717 1995 ᾐμεν
741 1923 994 1997 ἐσχάραις
1017 1921 1058 1981 τ’
1088 1928 1396 1997 ἐφέσταμεν

288 2025 397 2063 συν
421 2010 733 2080 προξένοισι
756 2008 1021 2080 μάντεσίν
1045 2033 1104 2066 τε
1126 2018 1421 2075 Πυθικοῖς.

291 2098 390 2148 καί
410 2115 491 2157 τις
515 2089 631 2148 τόδ’
662 2092 840 2149 εἶπεν·
881 2117 923 2149 ω
948 2103 1168 2166 νεανία,
1196 2103 1254 2151 τί
1273 2114 1360 2152 σοι

290 2183 407 2252 θεῷ
431 2177 889 2249 κατευξώμεσθα;
918 2187 1066 2245 τίνος
1091 2178 1242 2251 ἥκεις
1270 2204 1469 2251 χαριν;
1656 2194 1764 2235 1105

289 2259 322 2313 ὃ
349 2258 402 2317 δ’
432 2261 577 2317 εἷπε·
613 2269 801 2337 Φοίβῳ
825 2269 920 2334 τῆς
945 2263 1167 2338 πάροιθ’
1199 2263 1465 2336 ἁμαρτίας

291 2351 449 2411 δίκας
473 2360 776 2418 παρασχεῖν
798 2347 1141 2421 βουλόμεσθ’
1162 2369 1172 2379 ·
1222 2349 1399 2423 ᾔτησα
1422 2348 1528 2422 γὰρ

294 2431 498 2503 πατρός
522 2429 635 2487 ποτ’
663 2429 836 2488 αὐτὸν
867 2438 1091 2506 αἵματος
1115 2441 1315 2490 δοῦναι
1341 2440 1522 2507 δίκην.

292 2512 559 2571 κάνταῦθ’
581 2513 840 2589 Ὀρέστου
863 2525 1047 2589 μῦθος
1072 2520 1278 2590 ἰσχύων
1302 2523 1440 2591 μέγα

295 2598 566 2671 ἐφαίνεθ’,
596 2598 668 2666 ὡς
690 2602 954 2667 ψεύδοιτο
980 2605 1247 2675 δεσπότης
1270 2604 1396 2676 ἐμὸς
1654 2620 1766 2661 1110

293 2680 449 2754 ἥκων
470 2682 547 2741 ἐπ’
574 2692 845 2760 αἰσχροῖς·
888 2693 1100 2761 ἔρχεται
1129 2686 1183 2744 δ’
1211 2686 1534 2760 ἀνακτόρων

298 2774 563 2840 κρηπῖδος
587 2770 769 2841 ἐντός,
802 2769 874 2836 ὥς
904 2771 1075 2841 πάρος
1102 2779 1448 2844 χρηστηρίων

298 2851 513 2920 εὔξαιτο
541 2862 758 2928 Φοίβῳ,
784 2856 1043 2926 τυγχάνει
1070 2854 1124 2912 δ’
1154 2860 1214 2913 ἐν
1238 2857 1530 2930 ἐμπύροις·

242 2949 392 2984 mmm.
430 2952 533 2984 VOL.
570 2940 604 2983 Ι.
1441 2940 1474 2987 6
