2022 3126
257 87 358 137 310

261 237 354 285 [Ο.

259 322 368 370 ΘΕ.

257 407 353 455 IO.

259 491 367 539 ΘΕ.

257 576 353 624 ῙΟ.

257 661 367 709 ΘΕ.

263 746 353 794 [Ο.

260 1341 371 1389 XO.

259 1934 372 1983 AA.

256 2103 353 2150 10.

259 2189 371 2236 AA.

256 2273 352 2321 10.

255 2358 371 2406 ΑΛ.

257 2443 354 2490 IO.

258 2528 371 2576 AA.

258 2613 353 2660 IO.

262 2698 371 2745 AA.

851 91 1166 138 HPAKAEI
1169 95 1214 139 A
1218 93 1299 139 AI

445 226 567 284 ἀλλ’
598 222 703 284 οὖν
727 235 1004 302 μαχοῦμαί
1024 230 1077 302 γ’
1106 228 1349 302 ἀριθμὸν
1373 229 1475 286 οὐκ
1501 232 1767 289 ἐλάσσοσι.

443 312 678 386 σμικρὸν
702 313 761 369 τὸ
789 312 889 369 σὸν
913 315 1139 386 σήκωμα
1163 322 1467 389 προστίθης
1491 323 1689 387 φίλοις.
1828 331 1915 375 690

444 399 516 471 μή
543 405 633 454 τοί
651 396 710 503 μ’
741 406 904 469 ἔρυκε
929 406 1069 471 δρᾶν
1094 403 1631 472 παρεσκευασμένον.

444 489 615 555 δρᾶν
608 507 708 539 ιιεν
734 488 804 540 σύ
829 482 882 555 γ’
912 483 1012 555 οὐχ
1036 481 1149 550 οἷός
1173 508 1256 541 τε.
1244 486 1594 557 βούλεσθαι
1619 482 1671 542 δ’
1711 495 1855 552 ἴσως.

446 593 518 633 ως
542 566 614 639 μὴ
633 575 916 670 μενοῦντα
940 567 1111 625 ταλλα
1134 588 1221 626 σοι
1246 574 1429 642 λέγειν
1454 572 1617 643 πάρα.

443 677 558 717 πως
583 656 687 710 οὐν
712 651 934 727 ὁπλίτης
959 656 1198 725 τευχέων
1223 652 1350 727 ἇτερ
1378 669 1574 727 φανεῖ·
1563 699 1576 722 ,

445 735 554 795 ἔστ’
585 741 644 794 έν
669 739 919 810 δόμοισιν
945 744 1109 795 ἔνδον
1133 738 1441 812 αἰχμάλωθ’
1472 738 1637 797 όπλα·
1834 752 1916 797 695

447 821 619 880 τοῖσδ’
651 843 776 880 ουσι
798 825 1151 897 χρησόμεσθα
1175 823 1572 898 κᾶποδωσομεν

447 915 670 976 ζῶντες·
696 910 972 975 θανόντας
997 907 1049 966 δ’
1079 908 1182 966 οὐκ
1208 908 1494 982 ἀπαιτήσει
1517 909 1664 976 θεός

447 990 556 1049 ἀλλ’
594 992 762 1050 εἴσιθ’
795 1003 922 1050 εἴσω
948 993 1089 1051 κάπὸ
1117 996 1415 1051 πασσάλων
1443 995 1584 1053 ἑλών

447 1077 615 1150 ἔνεγχ’
645 1076 875 1152 ὁπλίτην
898 1081 1105 1151 κόσμον
1130 1078 1202 1147 ὡς
1226 1081 1447 1151 τάχιστά
1470 1104 1579 1152 μοι.

447 1162 673 1235 αἰσχρὸν
698 1162 802 1235 γὰρ
830 1165 1135 1236 οἰκούρημα
1160 1172 1407 1237 γίγνεται
1433 1167 1577 1236 τόδε,
1835 1177 1918 1220 700

446 1247 575 1313 τοὺς
599 1248 701 1318 μὲν
724 1250 1024 1320 μάχεσθαι,
1058 1249 1187 1315 τοὺς
1212 1252 1273 1307 δὲ
1297 1256 1477 1325 δειλία
1501 1253 1705 1322 μένειν.

444 1339 586 1404 λῆμα
610 1333 711 1405 μὲν
736 1331 891 1390 οὔπω
918 1334 1181 1406 στόρνυσι
1204 1335 1400 1408 χρόνος

448 1418 507 1474 τὸ
534 1418 662 1489 σόν,
694 1416 814 1475 ἀλλ’
845 1417 978 1494 ἡβᾷ·
1007 1426 1162 1491 σῶμα
1188 1420 1249 1476 δὲ
1273 1425 1542 1492 φροῦδον.

443 1510 500 1559 τί
520 1517 704 1569 πονεῖς
729 1502 905 1570 ἄλλως
929 1501 963 1560 οἳ
988 1505 1048 1561 σὲ
1071 1505 1172 1576 μὲν
1196 1506 1413 1577 βλάψει,

448 1588 649 1661 σμικρὰ
675 1593 708 1645 δ
715 1586 727 1607 ’
759 1587 947 1661 ὀνήσει
971 1590 1134 1646 πόλιν
1159 1587 1458 1663 ἡμετέραν;
1836 1601 1917 1645 705

447 1675 588 1743 χρῆν
619 1686 990 1744 γνωσιμαχεῖν
1022 1675 1127 1747 σὴν
1158 1675 1400 1747 ἡλικίαν,

445 1757 509 1814 τὰ
535 1757 585 1814 δ’
616 1757 851 1832 ἆμήχαν’
881 1763 1004 1816 ε’ἇν·
1034 1757 1137 1816 οὐκ
1164 1766 1313 1816 ἔστιν
1339 1757 1487 1825 ὅπως

446 1840 590 1915 ἥβην
615 1845 802 1916 κτήσει
827 1846 995 1901 πάλιν
1018 1837 1202 1911 αὖθις.

445 1934 500 1983 τί
519 1935 698 2000 χρῆμα
723 1932 938 2002 μέλλεις
961 1936 1077 1986 σῶν
1102 1936 1328 2003 φρενῶν
1351 1927 1455 1985 οὐκ
1481 1935 1646 1985 ε”νδον
1673 1925 1750 1985 σι’)’ν

447 2020 628 2069 λιπεῖν
649 2012 704 2085 μ’
735 2021 938 2086 ἔρημον
963 2013 1071 2070 σὺν
1093 2018 1352 2082 τέκνοισ[ι
1379 2020 1507 2082 τοῖς]
1535 2017 1711 2086 ἐμοῐς;
1836 2028 1917 2071 710

445 2096 669 2168 ἀνδρῶν
693 2097 798 2170 γὰρ
825 2097 990 2170 ἀλκή·
1018 2101 1105 2155 σοὶ
1130 2100 1191 2156 δὲ
1214 2098 1316 2172 χρὴ
1343 2099 1555 2155 τούτων
1580 2101 1781 2170 μέλειν.

445 2190 501 2237 τί
522 2180 608 2238 δ”
596 2209 608 2250 ;
635 2180 704 2255 ἢν
728 2184 907 2257 θάνῃς
931 2185 1028 2254 σύ,
1054 2190 1168 2250 πῶς
1195 2182 1300 2255 ἐγώ
1327 2184 1679 2256 σωθήσομαι;

445 2267 640 2334 παιδὸς
663 2270 901 2371 μελήσει
912 2271 1067 2325 παισὶ
1091 2282 1202 2336 τοῖς
1228 2272 1615 2341 λελειμμένοις.

446 2349 514 2423 ἢν
542 2351 594 2409 δ’
624 2356 753 2425 οὐ’,ν
782 2351 813 2410 ὂ
836 2353 908 2426 μὴ
935 2355 1176 2425 γένοιτο,
1202 2355 1513 2426 χρήσωνται
1536 2354 1702 2426 τύχῃς

447 2436 552 2493 οἳδ
585 2436 651 2494 οὐ
677 2440 1067 2511 προδώσουσίν
1092 2458 1154 2495 σε
1170 2438 1282 2510 ,μὴ
1309 2442 1519 2513 τρέσῃς,
1546 2441 1708 2506 ξένοι.
1835 2452 1915 2497 715

447 2519 675 2579 τοσόνδε
699 2524 800 2595 γάρ
827 2548 910 2580 τοι
932 2524 1166 2595 θάρσος,
1198 2522 1366 2581 οὐδὲν
1391 2521 1512 2579 ἄλλ’
1541 2530 1662 2595 ἔχω.

443 2610 534 2663 καὶ
557 2612 695 2680 Ζηνὶ
721 2616 831 2665 τῶν
856 2616 995 2680 σῶν,
1023 2607 1130 2664 οἷδ’
1160 2610 1294 2680 ἐγώ,
1323 2611 1474 2680 μέλει
1498 2610 1702 2666 πόνων.

445 2698 579 2763 φεῦ·

447 2776 586 2843 Ζεὺς
612 2781 662 2845 ἐξ
690 2781 823 2850 ἐμοῦ
849 2779 950 2850 μὲν
972 2777 1075 2834 οὐκ
1100 2776 1391 2834 ἀκούσεται
1416 2783 1623 2842 κακῶς·

449 2868 499 2918 εἰ
521 2860 572 2917 δ’
603 2865 750 2918 ἐστὶν
775 2860 923 2928 ὅσιος
949 2861 1114 2928 αὐτὸς
1138 2862 1289 2919 οἶδεν
1315 2869 1389 2928 είς
1414 2865 1521 2930 ἐμέ.
