<?xml version="1.0" encoding="UTF-8"?>
<!DOCTYPE html PUBLIC "-//W3C//DTD XHTML 1.0 Transitional//EN"
    "http://www.w3.org/TR/xhtml1/DTD/xhtml1-transitional.dtd">
<html xmlns="http://www.w3.org/1999/xhtml" xml:lang="en" lang="en">
 <head>
  <title>
</title>
<meta http-equiv="Content-Type" content="text/html;charset=utf-8" />
  <meta name='ocr-system' content='tesseract 3.04.00' />
  <meta name='ocr-capabilities' content='ocr_page ocr_carea ocr_par ocr_line ocrx_word'/>
</head>
<body>
  <div class='ocr_page' id='page_1' title='image "./euripidistragoe01euriuoft_0407.png"; bbox 0 0 2022 3126; ppageno 0'>
   <div class='ocr_carea' id='block_1_1' title="bbox 112 512 208 565">
    <p class='ocr_par' dir='ltr' id='par_1_1' title="bbox 112 512 208 565">
     <span class='ocr_line' id='line_1_1' title="bbox 112 512 208 565; baseline -0.01 0"><span class='ocrx_word' id='word_1_1' title='bbox 112 512 208 565; x_wconf 80' lang='lat'><em>10.</em></span> 
     </span>
    </p>
   </div>
   <div class='ocr_carea' id='block_1_2' title="bbox 123 1444 227 1493">
    <p class='ocr_par' dir='ltr' id='par_1_2' title="bbox 123 1444 227 1493">
     <span class='ocr_line' id='line_1_2' title="bbox 123 1444 227 1493; baseline -0.019 0"><span class='ocrx_word' id='word_1_2' title='bbox 123 1444 227 1493; x_wconf 76' lang='lat' dir='ltr'><em>XO.</em></span> 
     </span>
    </p>
   </div>
   <div class='ocr_carea' id='block_1_3' title="bbox 743 109 1756 164">
    <p class='ocr_par' dir='ltr' id='par_1_3' title="bbox 743 109 1756 164">
     <span class='ocr_line' id='line_1_3' title="bbox 743 109 1756 164; baseline 0.002 -3"><span class='ocrx_word' id='word_1_3' title='bbox 743 114 1183 162; x_wconf 86' lang='grc' dir='ltr'><em>ΗΡΑΚΛΕΙΔΑΙ</em></span> <span class='ocrx_word' id='word_1_4' title='bbox 1661 109 1756 164; x_wconf 81' lang='grc'><em>307</em></span> 
     </span>
    </p>
   </div>
   <div class='ocr_carea' id='block_1_4' title="bbox 297 252 1764 3002">
    <p class='ocr_par' dir='ltr' id='par_1_4' title="bbox 297 252 1764 3002">
     <span class='ocr_line' id='line_1_4' title="bbox 301 252 1440 354; baseline -0.003 -43"><span class='ocrx_word' id='word_1_5' title='bbox 301 252 462 311; x_wconf 70' lang='grc' dir='ltr'><em>κάκεῖ</em></span> <span class='ocrx_word' id='word_1_6' title='bbox 480 261 743 326; x_wconf 86' lang='grc' dir='ltr'><em>μερίμνας</em></span> <span class='ocrx_word' id='word_1_7' title='bbox 767 259 824 309; x_wconf 82' lang='grc' dir='ltr'><em>οί</em></span> <span class='ocrx_word' id='word_1_8' title='bbox 847 253 1185 324; x_wconf 78' lang='grc' dir='ltr'><em>θανούμενοι</em></span> <span class='ocrx_word' id='word_1_9' title='bbox 1211 259 1440 354; x_wconf 81' lang='grc' dir='ltr'><em>βροτῶν,</em></span> 
     </span>
     <span class='ocr_line' id='line_1_5' title="bbox 304 336 1760 436; baseline -0.001 -41"><span class='ocrx_word' id='word_1_10' title='bbox 304 337 407 395; x_wconf 82' lang='grc' dir='ltr'><em>οὐκ</em></span> <span class='ocrx_word' id='word_1_11' title='bbox 432 337 538 395; x_wconf 79' lang='grc' dir='ltr'><em>οἶδ’</em></span> <span class='ocrx_word' id='word_1_12' title='bbox 568 336 692 394; x_wconf 91' lang='grc' dir='ltr'><em>όποι</em></span> <span class='ocrx_word' id='word_1_13' title='bbox 715 361 794 402; x_wconf 88' lang='grc' dir='ltr'><em>τις</em></span> <span class='ocrx_word' id='word_1_14' title='bbox 816 339 1098 436; x_wconf 78' lang='grc' dir='ltr'><em>τρέψεται·</em></span> <span class='ocrx_word' id='word_1_15' title='bbox 1125 337 1183 393; x_wconf 84' lang='grc' dir='ltr'><em>τὸ</em></span> <span class='ocrx_word' id='word_1_16' title='bbox 1210 337 1313 409; x_wconf 85' lang='grc' dir='ltr'><em>γὰρ</em></span> <span class='ocrx_word' id='word_1_17' title='bbox 1337 347 1536 395; x_wconf 80' lang='grc' dir='ltr'><em>θανεῖν</em></span> <span class='ocrx_word' id='word_1_18' title='bbox 1679 351 1760 395; x_wconf 81' lang='lat'><em>595</em></span> 
     </span>
     <span class='ocr_line' id='line_1_6' title="bbox 300 425 1396 495; baseline -0.002 -16"><span class='ocrx_word' id='word_1_19' title='bbox 300 430 488 479; x_wconf 90' lang='grc' dir='ltr'><em>κακῶν</em></span> <span class='ocrx_word' id='word_1_20' title='bbox 513 425 770 495; x_wconf 87' lang='grc' dir='ltr'><em>μέγιστον</em></span> <span class='ocrx_word' id='word_1_21' title='bbox 796 444 1087 492; x_wconf 87' lang='grc' dir='ltr'><em>φαρμακον</em></span> <span class='ocrx_word' id='word_1_22' title='bbox 1109 429 1396 493; x_wconf 83' lang='grc' dir='ltr'><em>νομίζεται.</em></span> 
     </span>
     <span class='ocr_line' id='line_1_7' title="bbox 297 503 1415 578; baseline -0.001 -16"><span class='ocrx_word' id='word_1_23' title='bbox 297 506 438 576; x_wconf 86' lang='grc' dir='ltr'><em>αλλ’,</em></span> <span class='ocrx_word' id='word_1_24' title='bbox 468 510 508 563; x_wconf 66' lang='lat' dir='ltr'><em>cd</em></span> <span class='ocrx_word' id='word_1_25' title='bbox 534 510 791 578; x_wconf 88' lang='grc' dir='ltr'><em>μέγιστον</em></span> <span class='ocrx_word' id='word_1_26' title='bbox 816 503 1145 576; x_wconf 82' lang='grc' dir='ltr'><em>ε’κπρέπουσ’</em></span> <span class='ocrx_word' id='word_1_27' title='bbox 1177 505 1415 578; x_wconf 77' lang='grc' dir='ltr'><em>εὐψυχία</em></span> 
     </span>
     <span class='ocr_line' id='line_1_8' title="bbox 300 597 1319 664; baseline -0.003 -16"><span class='ocrx_word' id='word_1_28' title='bbox 300 600 493 648; x_wconf 88' lang='grc' dir='ltr'><em>πασῶν</em></span> <span class='ocrx_word' id='word_1_29' title='bbox 515 597 826 664; x_wconf 89' lang='grc' dir='ltr'><em>γυναικῶν,</em></span> <span class='ocrx_word' id='word_1_30' title='bbox 855 599 1001 661; x_wconf 82' lang='grc' dir='ltr'><em>ἴσθι,</em></span> <span class='ocrx_word' id='word_1_31' title='bbox 1028 597 1319 662; x_wconf 84' lang='grc' dir='ltr'><em>τιμιωτάτη</em></span> 
     </span>
     <span class='ocr_line' id='line_1_9' title="bbox 299 670 1567 748; baseline -0.002 -16"><span class='ocrx_word' id='word_1_32' title='bbox 299 678 388 732; x_wconf 80' lang='grc' dir='ltr'><em>καὶ</em></span> <span class='ocrx_word' id='word_1_33' title='bbox 415 673 540 744; x_wconf 82' lang='grc' dir='ltr'><em>ζῶσ’</em></span> <span class='ocrx_word' id='word_1_34' title='bbox 568 673 670 747; x_wconf 79' lang='grc' dir='ltr'><em>ὑφ’</em></span> <span class='ocrx_word' id='word_1_35' title='bbox 699 674 855 748; x_wconf 81' lang='grc' dir='ltr'><em>ἡμῶν</em></span> <span class='ocrx_word' id='word_1_36' title='bbox 878 677 969 730; x_wconf 85' lang='grc' dir='ltr'><em>καὶ</em></span> <span class='ocrx_word' id='word_1_37' title='bbox 995 673 1234 731; x_wconf 82' lang='grc' dir='ltr'><em>θανοῦσ’</em></span> <span class='ocrx_word' id='word_1_38' title='bbox 1264 682 1373 731; x_wconf 82' lang='grc' dir='ltr'><em>ἔσει</em></span> <span class='ocrx_word' id='word_1_39' title='bbox 1399 670 1567 730; x_wconf 86' lang='grc' dir='ltr'><em>πολύ·</em></span> 
     </span>
     <span class='ocr_line' id='line_1_10' title="bbox 303 757 1763 833; baseline -0.002 -17"><span class='ocrx_word' id='word_1_40' title='bbox 303 763 394 816; x_wconf 84' lang='grc' dir='ltr'><em>καὶ</em></span> <span class='ocrx_word' id='word_1_41' title='bbox 416 774 597 833; x_wconf 91' lang='grc' dir='ltr'><em>χαῖρε·</em></span> <span class='ocrx_word' id='word_1_42' title='bbox 624 766 936 832; x_wconf 79' lang='grc' dir='ltr'><em>δυσφημεῖν</em></span> <span class='ocrx_word' id='word_1_43' title='bbox 959 758 1061 831; x_wconf 80' lang='grc' dir='ltr'><em>γὰρ</em></span> <span class='ocrx_word' id='word_1_44' title='bbox 1088 757 1277 830; x_wconf 76' lang='grc' dir='ltr'><em>ἅζομαι</em></span> <span class='ocrx_word' id='word_1_45' title='bbox 1302 760 1460 828; x_wconf 83' lang='grc' dir='ltr'><em>θεάν,</em></span> <span class='ocrx_word' id='word_1_46' title='bbox 1677 771 1763 815; x_wconf 95' lang='grc'><em>600</em></span> 
     </span>
     <span class='ocr_line' id='line_1_11' title="bbox 301 837 1510 918; baseline -0.002 -17"><span class='ocrx_word' id='word_1_47' title='bbox 301 837 336 917; x_wconf 74' lang='grc' dir='ltr'><strong><em>ᾖ</em></strong></span> <span class='ocrx_word' id='word_1_48' title='bbox 363 845 463 901; x_wconf 86' lang='grc' dir='ltr'><em>σὸν</em></span> <span class='ocrx_word' id='word_1_49' title='bbox 486 852 781 918; x_wconf 90' lang='grc' dir='ltr'><em>κατῆρκται</em></span> <span class='ocrx_word' id='word_1_50' title='bbox 804 850 986 915; x_wconf 87' lang='grc' dir='ltr'><em>σῶμα,</em></span> <span class='ocrx_word' id='word_1_51' title='bbox 1013 843 1302 915; x_wconf 84' lang='grc' dir='ltr'><em>Δήμητρος</em></span> <span class='ocrx_word' id='word_1_52' title='bbox 1324 843 1510 914; x_wconf 86' lang='grc' dir='ltr'><em>κόρην.</em></span> 
     </span>
     <span class='ocr_line' id='line_1_12' title="bbox 303 928 1320 1001; baseline 0 -18"><span class='ocrx_word' id='word_1_53' title='bbox 303 931 344 983; x_wconf 72' lang='grc' dir='ltr'><strong><em>ὦ</em></strong></span> <span class='ocrx_word' id='word_1_54' title='bbox 375 934 593 1000; x_wconf 85' lang='grc' dir='ltr'><em>παῖδες,</em></span> <span class='ocrx_word' id='word_1_55' title='bbox 624 929 947 1001; x_wconf 79' lang='grc' dir='ltr'><em>οἰχόμεσθα·</em></span> <span class='ocrx_word' id='word_1_56' title='bbox 975 928 1163 984; x_wconf 79' lang='grc' dir='ltr'><em>λύεται</em></span> <span class='ocrx_word' id='word_1_57' title='bbox 1187 930 1320 1000; x_wconf 82' lang='grc' dir='ltr'><em>μέλη</em></span> 
     </span>
     <span class='ocr_line' id='line_1_13' title="bbox 303 1010 1424 1086; baseline -0.002 -17"><span class='ocrx_word' id='word_1_58' title='bbox 303 1014 474 1086; x_wconf 84' lang='grc' dir='ltr'><em>λύπῃ·</em></span> <span class='ocrx_word' id='word_1_59' title='bbox 501 1014 741 1085; x_wconf 88' lang='grc' dir='ltr'><em>λαβεσθε</em></span> <span class='ocrx_word' id='word_1_60' title='bbox 766 1018 879 1077; x_wconf 86' lang='grc' dir='ltr'><em>κείς</em></span> <span class='ocrx_word' id='word_1_61' title='bbox 902 1016 1070 1084; x_wconf 83' lang='grc' dir='ltr'><em>ε’δραν</em></span> <span class='ocrx_word' id='word_1_62' title='bbox 1095 1010 1154 1084; x_wconf 87' lang='grc' dir='ltr'><em>μ’</em></span> <span class='ocrx_word' id='word_1_63' title='bbox 1182 1017 1424 1082; x_wconf 83' lang='grc' dir='ltr'><em>ἐρείσατε</em></span> 
     </span>
     <span class='ocr_line' id='line_1_14' title="bbox 303 1097 1510 1170; baseline -0.002 -16"><span class='ocrx_word' id='word_1_64' title='bbox 303 1097 474 1154; x_wconf 82' lang='grc' dir='ltr'><em>αὐτοῦ</em></span> <span class='ocrx_word' id='word_1_65' title='bbox 499 1100 748 1154; x_wconf 84' lang='grc' dir='ltr'><em>πέπλοισι</em></span> <span class='ocrx_word' id='word_1_66' title='bbox 773 1102 955 1153; x_wconf 90' lang='grc' dir='ltr'><em>τοῖσδε</em></span> <span class='ocrx_word' id='word_1_67' title='bbox 978 1098 1305 1170; x_wconf 76' lang='grc' dir='ltr'><em>κρύψαντες,</em></span> <span class='ocrx_word' id='word_1_68' title='bbox 1332 1098 1510 1153; x_wconf 82' lang='grc' dir='ltr'><em>τέκνα.</em></span> 
     </span>
     <span class='ocr_line' id='line_1_15' title="bbox 299 1180 1761 1255; baseline -0.001 -17"><span class='ocrx_word' id='word_1_69' title='bbox 299 1180 371 1247; x_wconf 85' lang='grc' dir='ltr'><em>ῶς</em></span> <span class='ocrx_word' id='word_1_70' title='bbox 395 1180 524 1238; x_wconf 74' lang='grc' dir='ltr'><em>οὔτε</em></span> <span class='ocrx_word' id='word_1_71' title='bbox 549 1183 764 1248; x_wconf 84' lang='grc' dir='ltr'><em>τούτοις</em></span> <span class='ocrx_word' id='word_1_72' title='bbox 788 1180 988 1254; x_wconf 76' lang='grc' dir='ltr'><em>ἥδομαι</em></span> <span class='ocrx_word' id='word_1_73' title='bbox 1012 1184 1429 1255; x_wconf 77' lang='grc' dir='ltr'><em>πεπραγμένοις,</em></span> <span class='ocrx_word' id='word_1_74' title='bbox 1679 1194 1761 1236; x_wconf 80' lang='grc'><em>605</em></span> 
     </span>
     <span class='ocr_line' id='line_1_16' title="bbox 299 1264 1469 1339; baseline -0.002 -16"><span class='ocrx_word' id='word_1_75' title='bbox 299 1273 546 1339; x_wconf 83' lang='grc' dir='ltr'><em>χρησμοῦ</em></span> <span class='ocrx_word' id='word_1_76' title='bbox 571 1290 628 1323; x_wconf 91' lang='grc' dir='ltr'><em>τε</em></span> <span class='ocrx_word' id='word_1_77' title='bbox 652 1267 723 1338; x_wconf 87' lang='grc' dir='ltr'><em>μὴ</em></span> <span class='ocrx_word' id='word_1_78' title='bbox 748 1269 1086 1338; x_wconf 87' lang='grc' dir='ltr'><em>κρανθέντος</em></span> <span class='ocrx_word' id='word_1_79' title='bbox 1111 1264 1177 1322; x_wconf 83' lang='grc' dir='ltr'><em>οὐ</em></span> <span class='ocrx_word' id='word_1_80' title='bbox 1202 1267 1469 1338; x_wconf 77' lang='grc' dir='ltr'><em>βιώσιμον</em></span> 
     </span>
     <span class='ocr_line' id='line_1_17' title="bbox 299 1350 1434 1424; baseline -0.001 -17"><span class='ocrx_word' id='word_1_81' title='bbox 299 1357 497 1424; x_wconf 81' lang='grc' dir='ltr'><em>μείζων</em></span> <span class='ocrx_word' id='word_1_82' title='bbox 519 1351 624 1424; x_wconf 79' lang='grc' dir='ltr'><em>γαρ</em></span> <span class='ocrx_word' id='word_1_83' title='bbox 654 1350 752 1423; x_wconf 76' lang='grc' dir='ltr'><em>ἅτη</em></span> <span class='ocrx_word' id='word_1_84' title='bbox 767 1395 780 1421; x_wconf 84' lang='grc'><em>,</em></span> <span class='ocrx_word' id='word_1_85' title='bbox 807 1350 1067 1423; x_wconf 84' lang='grc' dir='ltr'><em>συμφορὰ</em></span> <span class='ocrx_word' id='word_1_86' title='bbox 1092 1351 1152 1407; x_wconf 72' lang='grc' dir='ltr'><em>δὲ</em></span> <span class='ocrx_word' id='word_1_87' title='bbox 1175 1353 1267 1407; x_wconf 83' lang='grc' dir='ltr'><em>καὶ</em></span> <span class='ocrx_word' id='word_1_88' title='bbox 1289 1351 1434 1407; x_wconf 79' lang='grc' dir='ltr'><em>τάδε.</em></span> 
     </span>
     <span class='ocr_line' id='line_1_18' title="bbox 301 1433 1761 1507; baseline -0.002 -16"><span class='ocrx_word' id='word_1_89' title='bbox 301 1434 495 1492; x_wconf 72' lang='grc' dir='ltr'><em>οὔτινα</em></span> <span class='ocrx_word' id='word_1_90' title='bbox 541 1461 680 1507; x_wconf 88' lang='grc' dir='ltr'><em>φημι</em></span> <span class='ocrx_word' id='word_1_91' title='bbox 725 1442 878 1491; x_wconf 91' lang='grc' dir='ltr'><em>θεῶν</em></span> <span class='ocrx_word' id='word_1_92' title='bbox 925 1434 1051 1507; x_wconf 73' lang='grc' dir='ltr'><em>ἄτερ</em></span> <span class='ocrx_word' id='word_1_93' title='bbox 1112 1434 1329 1507; x_wconf 65' lang='grc' dir='ltr'><em>ὄλβιον,</em></span> <span class='ocrx_word' id='word_1_94' title='bbox 1391 1433 1456 1491; x_wconf 80' lang='grc' dir='ltr'><em>οὐ</em></span> <span class='ocrx_word' id='word_1_95' title='bbox 1513 1441 1761 1506; x_wconf 84' lang='grc' dir='ltr'><em>βαρυπο-</em></span> 
     </span>
     <span class='ocr_line' id='line_1_19' title="bbox 867 1537 1675 1591; baseline -0.004 -16"><span class='ocrx_word' id='word_1_96' title='bbox 867 1543 1003 1591; x_wconf 92' lang='grc' dir='ltr'><em>τμον</em></span> <span class='ocrx_word' id='word_1_97' title='bbox 1562 1537 1675 1589; x_wconf 90' lang='grc' dir='ltr'><em>στρ.</em></span> 
     </span>
     <span class='ocr_line' id='line_1_20' title="bbox 300 1604 786 1677; baseline -0.002 -17"><span class='ocrx_word' id='word_1_98' title='bbox 300 1604 476 1677; x_wconf 75' lang='grc' dir='ltr'><em>ἄνδρα</em></span> <span class='ocrx_word' id='word_1_99' title='bbox 507 1606 786 1676; x_wconf 84' lang='grc' dir='ltr'><em>γενέσθαι,</em></span> 
     </span>
     <span class='ocr_line' id='line_1_21' title="bbox 301 1686 1763 1761; baseline -0.001 -16"><span class='ocrx_word' id='word_1_100' title='bbox 301 1688 431 1745; x_wconf 74' lang='grc' dir='ltr'><em>οὐδὲ</em></span> <span class='ocrx_word' id='word_1_101' title='bbox 455 1687 552 1744; x_wconf 86' lang='grc' dir='ltr'><em>τὸν</em></span> <span class='ocrx_word' id='word_1_102' title='bbox 577 1687 748 1744; x_wconf 84' lang='grc' dir='ltr'><em>αὐτὸν</em></span> <span class='ocrx_word' id='word_1_103' title='bbox 773 1687 857 1745; x_wconf 78' lang='grc' dir='ltr'><em>ἀεὶ</em></span> <span class='ocrx_word' id='word_1_104' title='bbox 882 1686 1113 1761; x_wconf 76' lang='grc' dir='ltr'><em>βεβάναι</em></span> <span class='ocrx_word' id='word_1_105' title='bbox 1139 1690 1311 1761; x_wconf 91' lang='grc' dir='ltr'><em>δόμον</em></span> <span class='ocrx_word' id='word_1_106' title='bbox 1680 1703 1763 1745; x_wconf 85' lang='grc'><em>610</em></span> 
     </span>
     <span class='ocr_line' id='line_1_22' title="bbox 301 1771 1166 1848; baseline 0 -19"><span class='ocrx_word' id='word_1_107' title='bbox 301 1771 553 1848; x_wconf 78' lang='grc' dir='ltr'><em>εὐτυχία·</em></span> <span class='ocrx_word' id='word_1_108' title='bbox 581 1773 728 1846; x_wconf 81' lang='grc' dir='ltr'><em>παρὰ</em></span> <span class='ocrx_word' id='word_1_109' title='bbox 754 1773 804 1829; x_wconf 88' lang='grc' dir='ltr'><em>δ’</em></span> <span class='ocrx_word' id='word_1_110' title='bbox 834 1771 1005 1830; x_wconf 74' lang='grc' dir='ltr'><em>ἄλλαν</em></span> <span class='ocrx_word' id='word_1_111' title='bbox 1030 1772 1166 1829; x_wconf 76' lang='grc' dir='ltr'><em>ἄλλα</em></span> 
     </span>
     <span class='ocr_line' id='line_1_23' title="bbox 298 1858 706 1931; baseline -0.002 -17"><span class='ocrx_word' id='word_1_112' title='bbox 298 1872 461 1931; x_wconf 87' lang='grc' dir='ltr'><em>μοῖρα</em></span> <span class='ocrx_word' id='word_1_113' title='bbox 491 1858 706 1913; x_wconf 83' lang='grc' dir='ltr'><em>διῶκει·</em></span> 
     </span>
     <span class='ocr_line' id='line_1_24' title="bbox 297 1940 1343 2017; baseline 0 -18"><span class='ocrx_word' id='word_1_114' title='bbox 297 1942 394 1999; x_wconf 85' lang='grc' dir='ltr'><em>τὸν</em></span> <span class='ocrx_word' id='word_1_115' title='bbox 417 1943 518 2014; x_wconf 76' lang='grc' dir='ltr'><em>μὲν</em></span> <span class='ocrx_word' id='word_1_116' title='bbox 541 1940 640 2014; x_wconf 79' lang='grc' dir='ltr'><em>ἀφ’</em></span> <span class='ocrx_word' id='word_1_117' title='bbox 669 1940 900 2015; x_wconf 79' lang='grc' dir='ltr'><em>ὑψηλῶν</em></span> <span class='ocrx_word' id='word_1_118' title='bbox 925 1942 1138 2015; x_wconf 80' lang='grc' dir='ltr'><em>βραχὺν</em></span> <span class='ocrx_word' id='word_1_119' title='bbox 1163 1941 1343 2017; x_wconf 70' lang='grc' dir='ltr'><em>ᾤκισε,</em></span> 
     </span>
     <span class='ocr_line' id='line_1_25' title="bbox 297 2025 1239 2099; baseline 0.001 -17"><span class='ocrx_word' id='word_1_120' title='bbox 297 2026 394 2083; x_wconf 83' lang='grc' dir='ltr'><em>τὸν</em></span> <span class='ocrx_word' id='word_1_121' title='bbox 420 2025 470 2082; x_wconf 88' lang='grc' dir='ltr'><em>δ’</em></span> <span class='ocrx_word' id='word_1_122' title='bbox 501 2025 689 2083; x_wconf 75' lang='grc' dir='ltr'><em>ἀτίταν</em></span> <span class='ocrx_word' id='word_1_123' title='bbox 717 2026 1020 2099; x_wconf 82' lang='grc' dir='ltr'><em>εὐδαίμονα</em></span> <span class='ocrx_word' id='word_1_124' title='bbox 1043 2028 1239 2099; x_wconf 91' lang='grc' dir='ltr'><em>τεύχει.</em></span> 
     </span>
     <span class='ocr_line' id='line_1_26' title="bbox 297 2109 1763 2185; baseline -0.001 -18"><span class='ocrx_word' id='word_1_125' title='bbox 297 2112 536 2183; x_wconf 87' lang='grc' dir='ltr'><em>μόρσιμα</em></span> <span class='ocrx_word' id='word_1_126' title='bbox 561 2109 614 2168; x_wconf 84' lang='grc' dir='ltr'><em>δ’</em></span> <span class='ocrx_word' id='word_1_127' title='bbox 643 2110 764 2168; x_wconf 78' lang='grc' dir='ltr'><em>οὔτι</em></span> <span class='ocrx_word' id='word_1_128' title='bbox 790 2126 993 2185; x_wconf 79' lang='grc' dir='ltr'><em>φυγεῖν</em></span> <span class='ocrx_word' id='word_1_129' title='bbox 1019 2114 1193 2184; x_wconf 82' lang='grc' dir='ltr'><em>θέμις,</em></span> <span class='ocrx_word' id='word_1_130' title='bbox 1682 2125 1763 2167; x_wconf 79' lang='lat'><em>615</em></span> 
     </span>
     <span class='ocr_line' id='line_1_27' title="bbox 300 2193 990 2270; baseline 0.003 -19"><span class='ocrx_word' id='word_1_131' title='bbox 300 2193 367 2251; x_wconf 80' lang='grc' dir='ltr'><em>οὐ</em></span> <span class='ocrx_word' id='word_1_132' title='bbox 393 2202 564 2270; x_wconf 75' lang='grc' dir='ltr'><em>σοφία</em></span> <span class='ocrx_word' id='word_1_133' title='bbox 586 2219 667 2261; x_wconf 90' lang='grc' dir='ltr'><em>τις</em></span> <span class='ocrx_word' id='word_1_134' title='bbox 691 2195 964 2253; x_wconf 77' lang='grc' dir='ltr'><em>ἀπώσεται</em></span> <span class='ocrx_word' id='word_1_135' title='bbox 979 2216 990 2226; x_wconf 83' lang='grc'><strong><em>’</em></strong></span> 
     </span>
     <span class='ocr_line' id='line_1_28' title="bbox 300 2278 1454 2354; baseline 0 -19"><span class='ocrx_word' id='word_1_136' title='bbox 300 2279 437 2335; x_wconf 79' lang='grc' dir='ltr'><em>ἀλλὰ</em></span> <span class='ocrx_word' id='word_1_137' title='bbox 459 2281 636 2351; x_wconf 76' lang='grc' dir='ltr'><em>μάταν</em></span> <span class='ocrx_word' id='word_1_138' title='bbox 659 2278 686 2337; x_wconf 85' lang='grc' dir='ltr'>ὁ</span> <span class='ocrx_word' id='word_1_139' title='bbox 713 2281 1000 2354; x_wconf 87' lang='grc' dir='ltr'><em>πρόθυμος</em></span> <span class='ocrx_word' id='word_1_140' title='bbox 1025 2279 1110 2338; x_wconf 77' lang='grc' dir='ltr'><em>ἀεὶ</em></span> <span class='ocrx_word' id='word_1_141' title='bbox 1134 2282 1307 2339; x_wconf 90' lang='grc' dir='ltr'><em>πόνον</em></span> <span class='ocrx_word' id='word_1_142' title='bbox 1333 2283 1454 2348; x_wconf 80' lang='grc' dir='ltr'><em>ἕξει.</em></span> 
     </span>
     <span class='ocr_line' id='line_1_29' title="bbox 299 2361 1759 2438; baseline 0.001 -19"><span class='ocrx_word' id='word_1_143' title='bbox 299 2361 436 2419; x_wconf 77' lang='grc' dir='ltr'><em>ἀλλὰ</em></span> <span class='ocrx_word' id='word_1_144' title='bbox 459 2362 528 2420; x_wconf 81' lang='grc' dir='ltr'><em>σὺ</em></span> <span class='ocrx_word' id='word_1_145' title='bbox 554 2363 626 2436; x_wconf 84' lang='grc' dir='ltr'><em>μὴ</em></span> <span class='ocrx_word' id='word_1_146' title='bbox 653 2371 972 2438; x_wconf 85' lang='grc' dir='ltr'><em>προπίτνων</em></span> <span class='ocrx_word' id='word_1_147' title='bbox 994 2366 1060 2422; x_wconf 81' lang='grc' dir='ltr'><em>τὰ</em></span> <span class='ocrx_word' id='word_1_148' title='bbox 1084 2371 1236 2422; x_wconf 91' lang='grc' dir='ltr'><em>θεῶν</em></span> <span class='ocrx_word' id='word_1_149' title='bbox 1261 2367 1396 2437; x_wconf 87' lang='grc' dir='ltr'><em>φέρε</em></span> <span class='ocrx_word' id='word_1_150' title='bbox 1421 2362 1550 2437; x_wconf 75' lang='grc' dir='ltr'><em>μηδ’</em></span> <span class='ocrx_word' id='word_1_151' title='bbox 1587 2362 1759 2434; x_wconf 79' lang='grc' dir='ltr'><em>ὑπερ·</em></span> 
     </span>
     <span class='ocr_line' id='line_1_30' title="bbox 867 2447 1653 2522; baseline -0.003 -16"><span class='ocrx_word' id='word_1_152' title='bbox 867 2451 1022 2522; x_wconf 74' lang='grc' dir='ltr'><em>ἄλγει</em></span> <span class='ocrx_word' id='word_1_153' title='bbox 1539 2447 1653 2506; x_wconf 78' lang='grc' dir='ltr'><em>ἀντ.</em></span> 
     </span>
     <span class='ocr_line' id='line_1_31' title="bbox 301 2533 1764 2608; baseline 0.002 -21"><span class='ocrx_word' id='word_1_154' title='bbox 301 2538 570 2604; x_wconf 85' lang='grc' dir='ltr'><em>φροντίδα</em></span> <span class='ocrx_word' id='word_1_155' title='bbox 595 2533 768 2608; x_wconf 78' lang='grc' dir='ltr'><em>λύπᾳ·</em></span> <span class='ocrx_word' id='word_1_156' title='bbox 1679 2547 1764 2591; x_wconf 79' lang='lat'><em>620</em></span> 
     </span>
     <span class='ocr_line' id='line_1_32' title="bbox 299 2614 1316 2693; baseline 0.002 -21"><span class='ocrx_word' id='word_1_157' title='bbox 299 2614 597 2689; x_wconf 79' lang='grc' dir='ltr'><em>εὐδόκιμον</em></span> <span class='ocrx_word' id='word_1_158' title='bbox 621 2617 725 2690; x_wconf 81' lang='grc' dir='ltr'><em>γὰρ</em></span> <span class='ocrx_word' id='word_1_159' title='bbox 753 2624 861 2690; x_wconf 80' lang='grc' dir='ltr'><em>ἔχει</em></span> <span class='ocrx_word' id='word_1_160' title='bbox 884 2619 1131 2674; x_wconf 78' lang='grc' dir='ltr'><em>θανάτου</em></span> <span class='ocrx_word' id='word_1_161' title='bbox 1154 2620 1316 2693; x_wconf 87' lang='grc' dir='ltr'><em>μέρος</em></span> 
     </span>
     <span class='ocr_line' id='line_1_33' title="bbox 298 2698 1220 2776; baseline 0.002 -20"><span class='ocrx_word' id='word_1_162' title='bbox 298 2698 333 2756; x_wconf 77' lang='grc' dir='ltr'><strong><em>ἆ</em></strong></span> <span class='ocrx_word' id='word_1_163' title='bbox 358 2704 523 2771; x_wconf 86' lang='grc' dir='ltr'><em>μελέα</em></span> <span class='ocrx_word' id='word_1_164' title='bbox 547 2701 683 2771; x_wconf 85' lang='grc' dir='ltr'><em>πρὸς</em></span> <span class='ocrx_word' id='word_1_165' title='bbox 707 2701 966 2776; x_wconf 82' lang='grc' dir='ltr'><em>ἀδελφῶν</em></span> <span class='ocrx_word' id='word_1_166' title='bbox 989 2705 1081 2759; x_wconf 84' lang='grc' dir='ltr'><em>καὶ</em></span> <span class='ocrx_word' id='word_1_167' title='bbox 1105 2710 1220 2774; x_wconf 79' lang='grc' dir='ltr'><em>γᾶς,</em></span> 
     </span>
     <span class='ocr_line' id='line_1_34' title="bbox 299 2782 771 2852; baseline 0.006 -12"><span class='ocrx_word' id='word_1_168' title='bbox 299 2782 424 2841; x_wconf 79' lang='grc' dir='ltr'><em>οὐδ’</em></span> <span class='ocrx_word' id='word_1_169' title='bbox 459 2783 656 2852; x_wconf 80' lang='grc' dir='ltr'><em>ἀκλεής</em></span> <span class='ocrx_word' id='word_1_170' title='bbox 679 2811 771 2843; x_wconf 92' lang='grc' dir='ltr'><em>νιν</em></span> 
     </span>
     <span class='ocr_line' id='line_1_35' title="bbox 624 2885 1254 2929; baseline 0 0"><span class='ocrx_word' id='word_1_171' title='bbox 624 2885 709 2929; x_wconf 85' lang='grc'><em>608</em></span> <span class='ocrx_word' id='word_1_172' title='bbox 723 2905 784 2913; x_wconf 84' lang='grc'><em>-·</em></span> <span class='ocrx_word' id='word_1_173' title='bbox 799 2885 884 2929; x_wconf 85' lang='grc'><em>618</em></span> <span class='ocrx_word' id='word_1_174' title='bbox 904 2898 974 2919; x_wconf 83' lang='lat'><strong><em>=</em></strong></span> <span class='ocrx_word' id='word_1_175' title='bbox 997 2885 1078 2929; x_wconf 87' lang='grc'><em>619</em></span> <span class='ocrx_word' id='word_1_176' title='bbox 1094 2907 1155 2915; x_wconf 88' lang='lat'><em>-</em></span> <span class='ocrx_word' id='word_1_177' title='bbox 1170 2886 1254 2929; x_wconf 79' lang='lat'><em>629</em></span> 
     </span>
     <span class='ocr_line' id='line_1_36' title="bbox 1380 2951 1487 3002; baseline -0.019 0"><span class='ocrx_word' id='word_1_178' title='bbox 1380 2951 1487 3002; x_wconf 71' lang='lat'><em>20*</em></span> 
     </span>
    </p>
   </div>
  </div>
 </body>
</html>
