2022 3126
191 114 279 155 XII
702 110 784 151 DE
814 109 1129 151 EVRIPIDIS
1161 111 1307 153 VITA

196 240 281 288 tris
318 238 416 286 iam
441 235 792 299 Aristophanes
819 235 1045 299 Euripidi
1084 235 1375 298 exprobrat:
1415 243 1692 301 repugnant
1729 236 1826 295 alii,

195 309 274 370 qui
322 306 445 357 Clito
492 305 834 356 honestissimo
885 318 1068 366 genere
1121 312 1283 353 natam
1332 304 1699 367 contendunt⁷>.
1773 321 1827 355 ao

193 378 414 441 profecto
451 378 491 424 si
527 377 772 440 reputaris
809 376 934 422 vitae
961 374 1202 423 rationem
1241 390 1268 423 a
1306 383 1480 438 poetae
1516 378 1701 433 initam,
1730 391 1828 425 non

194 461 402 510 egenum
440 447 589 495 fuisse
627 444 911 508 Euripidem
951 443 1260 506 probabilius
1297 444 1563 494 videbitur:
1602 460 1826 510 praeser-

193 520 283 566 tim
321 531 430 565 cum
478 515 715 564 librorum
766 514 926 576 copia,
978 527 1072 575 qua
1119 514 1389 561 instructus
1436 515 1586 563 fuisse
1633 514 1827 571 dicitur,

193 601 292 635 non
329 587 545 649 potuerit
590 586 686 633 nisi
723 584 911 645 magnis
957 582 1230 646 sumptibus
1268 586 1559 647 comparari.
1634 599 1827 634 verum·

194 664 356 705 tamen
403 654 669 704 ludibrium
708 652 1045 716 Aristophanis
1090 653 1287 701 irritum
1335 659 1441 701 erat
1478 660 1526 701 et
1573 654 1741 709 inane,
1790 656 1829 702 si

193 733 349 775 mater
387 731 559 789 poetae
598 737 845 787 nunquam
884 721 1174 771 illiberalem
1216 729 1474 786 quaestum
1511 724 1826 773 exercuisset.

193 796 324 846 unde
361 796 585 857 suspicor
633 799 865 856 parentes
902 792 1121 857 quamvis
1168 791 1372 854 ignobili
1418 791 1527 842 loco
1575 799 1714 841 natos
1762 795 1828 841 ita

195 881 311 929 opes
350 879 463 914 suas
501 864 679 912 sensim
707 865 916 918 auxisse,
956 868 1010 910 ut
1045 868 1187 926 poeta
1213 861 1419 911 haberet
1455 861 1586 910 unde
1624 862 1830 911 honesto

305 1063 348 1109 7)
380 1061 452 1101 Ar.
483 1058 593 1100 Ach.
626 1059 728 1099 457:
764 1050 1102 1122 ευᾶαιμονοίης
1134 1048 1285 1123 ὥσπερ
1316 1050 1345 1109 ἡ
1378 1051 1532 1109 μήτηρ
1562 1051 1691 1097 ποτέ.
1751 1057 1829 1096 ubi

195 1116 362 1158 Schol..
385 1107 584 1158 σκώπτει
605 1106 751 1155 αυτὸν
774 1107 833 1160 ὡς
857 1106 1185 1176 λαχανόπωλιν
1203 1108 1370 1165 ἔχοντα
1391 1110 1570 1164 μητέρα
1587 1105 1674 1164 τὴν
1691 1111 1828 1152 Κλει-

193 1166 270 1217 teo.
331 1175 406 1214 Ar.
441 1171 550 1212 Ach.
583 1171 687 1210 478:
731 1163 967 1210 σκανδικοὶ
995 1180 1074 1219 μοι
1106 1160 1223 1232 δός,
1249 1165 1494 1232 μητρόθεν
1526 1164 1827 1220 δεδεγμένος.

194 1230 277 1281 Eq
303 1231 378 1270 19.
409 1226 542 1270 NIK.
573 1224 669 1272 πῶς
701 1215 759 1265 ἂν
791 1221 875 1266 οὐν
906 1237 1021 1264 ποτε
1044 1216 1223 1286 εἴποιμ’
1251 1213 1313 1264 ἄν
1336 1217 1450 1264 αὐτὸ
1477 1222 1598 1275 δῆτα
1619 1230 1830 1274 κομψευ-

195 1283 415 1334 ριπικῶς;
456 1281 749 1324 ΔΗΜΟΣΘ.
783 1274 848 1334 μή
879 1278 964 1333 μοί
991 1292 1057 1332 γε,
1089 1272 1155 1332 μή
1185 1292 1287 1331 μοι,
1321 1274 1383 1332 μὴ
1418 1278 1826 1347 διασκανδικίσῃς.

193 1340 450 1403 Hesychius
483 1337 562 1402 (cf.
597 1337 746 1378 Schol.
777 1337 853 1376 Ar.
886 1336 968 1388 Eq.
1004 1336 1096 1385 19).
1136 1333 1556 1396 διασκανδικίσῃς·
1592 1334 1828 1384 διευριπι·

195 1394 274 1436 δίσ
277 1410 342 1449 ῃ.ς
402 1388 430 1447 ἡ
473 1388 557 1448 γὰρ
601 1390 685 1434 τοῦ
732 1387 1002 1456 Εὐριπίδου
1048 1385 1200 1455 μήτηρ
1247 1384 1510 1438 σκάνδικας
1555 1384 1828 1457 ἐπίπρασκε;

194 1456 267 1492 Ar.
277 1410 482 1493 ῃΤΙιεεω.
511 1450 615 1489 456:
649 1462 791 1509 αγρια
821 1443 909 1498 γὰρ
940 1441 1080 1513 ἡμᾷς,
1113 1436 1146 1486 ὦ
1177 1449 1414 1498 γυναῖκες,
1448 1444 1539 1499 δρᾷ
1570 1445 1713 1510 κακοί,
1748 1439 1828 1487 ατ’

196 1502 245 1548 ἐν
277 1499 485 1560 αγρίοισι
516 1508 615 1551 τοῖς
649 1497 877 1556 λαχανοις
909 1497 1052 1548 αυτὸς
1083 1500 1294 1552 τραφείς
1348 1503 1459 1542 Rau.
1492 1503 1596 1542 840·
1630 1495 1826 1564 α’ληθες,

195 1553 229 1603 ὦ
259 1566 362 1611 παῖ,
395 1561 479 1614 τῆς
501 1554 759 1629 ἀρουραίας
789 1556 936 1607 θεοῦς
969 1560 1070 1600 947:
1104 1557 1240 1598 ΕΤΡ.
1273 1552 1377 1598 αλλ’
1401 1551 1573 1608 ουξιών
1594 1552 1828 1610 πρώτιστα

196 1631 284 1670 μεν
317 1613 368 1658 τὸ
401 1615 534 1670 γένος
567 1631 626 1657 αν
659 1610 789 1656 εἶπεν
822 1610 971 1662 ευθὺς
1003 1611 1086 1654 τοῦ
1119 1612 1372 1665 δράματος.
1413 1613 1581 1654 ΑΙΣΧ.
1614 1617 1829 1666 κρεῖττον

196 1671 283 1727 γὰρ
315 1663 375 1725 ἧν
415 1685 488 1714 σοι
528 1667 585 1724 νὴ
621 1664 701 1712 Δί’
744 1661 774 1722 ἦ
804 1664 856 1711 τὸ
890 1668 1081 1712 σαυτοῦ.
1142 1669 1402 1731 Hesychius
1441 1669 1518 1713 (cf.
1552 1669 1684 1711 Phot.
1715 1669 1827 1709 Lex.

197 1745 239 1783 p.
270 1731 373 1779 516,
412 1731 439 1769 4
483 1733 529 1768 et
561 1727 722 1790 Suida)
762 1721 987 1791 σκοὶνδιξ·
1029 1718 1234 1790 λαχανον
1257 1737 1458 1791 αγριον.
1524 1716 1638 1775 παρ’
1681 1714 1706 1765 ὃ
1745 1723 1829 1765 καὶ

200 1760 588 1850 σκανδικοπώλην
604 1776 685 1823 τὸν
704 1776 973 1852 Εὐριπίδην
999 1777 1229 1833 λέγουσιν,
1249 1773 1351 1821 ἐπεὶ
1377 1780 1828 1842 λαχανοπωλητρίας

196 1835 302 1882 υἷόν
335 1834 482 1882 αὐτὸν
515 1836 640 1881 εἶναι
671 1836 803 1890 φασί.
862 1849 1113 1899 anonymus
1143 1849 1214 1888 ap.
1249 1836 1371 1877 Suid.
1405 1849 1446 1877 v.
1482 1830 1706 1897 σκανδιξε
1747 1834 1829 1877 καὶ

196 1886 1242 2006 ‘5122‘2125553‘222{zzzissg'ss‘zssgzffffzzss
1245 1885 1829 1998 ἔέἧῖηεῗμῖῗῖῡῗέοἷῖἳ

196 2009 400 2060 Euripidi
443 2014 597 2060 poetae
641 2012 812 2046 matrem
861 2006 1149 2056 Theopompus
1195 2005 1383 2055 agrestia
1428 2006 1547 2044 olera
1588 1978 1830 2043 venden'tem

196 2067 346 2105 victum
377 2065 591 2117 quaesisse
623 2064 741 2104 dicit.
799 2061 975 2102 Plinius
1005 2061 1059 2101 N.
1092 2060 1148 2099 H.
1172 2061 1240 2110 22,
1263 2060 1336 2101 38·
1371 2058 1682 2110 Aristophanes
1703 2059 1829 2099 Euri—

196 2121 288 2172 pidi
314 2126 466 2170 poetae
496 2120 621 2160 obicit
649 2119 896 2159 ioculariter
923 2123 1098 2156 matr-em
1118 2117 1208 2156 eius
1229 2128 1279 2155 ne
1300 2119 1390 2155 olus
1420 2116 1581 2168 quidem
1610 2116 1829 2167 legitimum

198 2177 452 2225 venditasse,
482 2177 561 2216 sed
587 2175 837 2215 scandieem.
899 2171 1177 2213 contradixit
1206 2171 1506 2211 Philochorus
1537 2173 1656 2211 teste
1689 2170 1828 2211 Suida

197 2245 240 2272 v.
245 2206 565 2295 Εὗριπίδηςτ
605 2222 690 2271 οὐκ
730 2224 913 2277 ἄληθες
953 2223 1006 2269 δὲ
1046 2222 1108 2275 ὡς
1127 2220 1473 2295 λαζανόπωλις
1511 2240 1573 2292 ην
1608 2219 1638 2292 ἢ
1675 2218 1828 2279 μήτηρ

198 2279 368 2328 αὐτοῦ
398 2301 481 2327 και
511 2279 601 2340 γὰρ
630 2285 721 2326 τῶν
752 2278 940 2336 σφόδρα
973 2276 1176 2336 εὖγενων
1207 2295 1476 2335 ετυγχανεν,
1511 2295 1570 2328 ως
1600 2278 1828 2322 ἀποδείκ-

197 2354 304 2384 νυσι
337 2335 607 2396 Φιλόχορος
666 2341 722 2381 de
754 2340 1032 2393 argumentis
1063 2352 1090 2379 a.
1120 2338 1392 2379 Philochoro
1433 2337 1622 2390 prolatis
1652 2338 1828 2378 coniec-

198 2405 342 2439 turam
374 2398 527 2439 facere
557 2398 669 2438 licet
700 2410 755 2437 ex
783 2397 886 2437 Ath.
909 2397 950 2435 X
973 2409 1015 2447 p.
1038 2396 1121 2435 424
1141 2395 1201 2434 Ε.
1234 2392 1315 2435 καὶ
1346 2387 1637 2461 Εὐριπίδης
1645 2386 1669 2433 ὁ
1691 2405 1826 2457 ποιη·

199 2448 282 2508 τὴς
315 2450 367 2494 ἐν
397 2450 563 2494 παισὶν
594 2447 847 2519 ᾠνοχόησε.
899 2448 1202 2515 Θεόφραστος
1233 2450 1348 2503 γοῦν
1380 2443 1431 2491 ἐν
1451 2448 1514 2504 τῷ
1533 2445 1643 2511 περὶ
1672 2445 1828 2501 μέθης

199 2509 336 2563 φησί·
347 2496 680 2574 πυνθάνομαι
712 2500 757 2548 δ’
793 2504 934 2561 ἔγωγε
965 2504 1046 2548 καὶ
1069 2499 1338 2572 Ευριπίδην
1370 2499 1454 2547 τὸν
1474 2498 1678 2569 ποιητὴν
1700 2501 1828 2544 οἰνο-

196 2568 329 2634 χοείν
347 2557 577 2631 'Aflvq'vn-‚cn
589 2567 688 2611 τοῖς
710 2557 961 2627 ὀρχησταῖς
983 2557 1310 2612 καλουμένοις.
1361 2555 1597 2622 ὠρχοῦντο
1619 2552 1669 2600 δ’
1695 2548 1826 2599 οὗτοι

196 2618 305 2686 περὶ
337 2617 420 2661 τὸν
452 2618 535 2662 τοῦ
564 2613 844 2666 ’Λπόλλωνος
875 2632 997 2660 νεων
1027 2617 1110 2659 τοῦ
1134 2616 1318 2671 Δηλίου
1347 2616 1439 2658 τῶν
1467 2629 1664 2682 πρωτων
1693 2608 1827 2662 ὄντες

196 2670 458 2742 Ἀθηναίων
481 2673 562 2717 και
584 2668 880 2717 ἐνεδύοντο’“
861 2669 1025 2739 ιμοὲτια
1047 2672 1139 2715 τῶν
1163 2671 1427 2743 Θηραϊκῶν.
1475 2665 1499 2712 ὁ
1527 2666 1582 2712 δὲ
1601 2664 1826 2711 Ἀπόλλων

199 2723 339 2780 οὗτός
369 2725 496 2774 ἐστιν
527 2721 562 2786 ᾧ
597 2746 656 2772 τα
688 2713 930 2794 Θαργήλια
963 2723 1146 2799 ἄγουσι.
1204 2744 1286 2770 και
1317 2720 1595 2777 διασωζεται
1616 2725 1826 2779 Φλυῆσιν

199 2783 249 2830 ἐν
285 2787 348 2842 τῷ
388 2778 732 2853 δαφνηφορείῳ
770 2800 930 2839 γραφη
970 2784 1078 2836 περὶ
1116 2779 1306 2827 τούτων.
1340 2783 1555 2848 quicum
1594 2794 1827 2843 compares

201 2844 316 2896 quod
345 2844 394 2884 in
422 2844 521 2885 vita
550 2857 616 2885 vs
641 2845 691 2884 17
725 2843 915 2894 legitur:
946 2839 1173 2894 γενέσθαι
1204 2836 1259 2881 δὲ
1292 2832 1440 2881 αὐτὸν
1470 2835 1553 2879 καὶ
1581 2830 1827 2892 πυρφόρον

200 2897 282 2940 τοῦ
317 2897 587 2952 Ζωστηρίου
612 2874 909 2946 Ἀπόλλωνος.
