2022 3126
805 139 1059 188 ΕΛΕΝΗ
1645 137 1744 190 193

285 269 445 344 οὗτος
467 280 768 349 τέθνηκεν,
795 269 955 342 οὗτος
978 274 1153 333 οὐκέτ’
1182 285 1295 334 ἔστι
1319 280 1405 350 δή.

281 362 458 434 μήτηρ
485 359 538 417 δ’
569 360 769 432 ὄλωλε,
798 362 891 416 καὶ
914 360 1121 432 φονεὺς
1146 360 1314 434 αὐτῆς
1337 363 1461 434 ἐγώ,
1661 377 1746 418 980

283 443 486 512 άδίκως
508 448 626 517 μέν,
652 443 790 501 ἀλλὰ
813 441 1041 500 τᾶδικον
1066 445 1206 501 τοῦτ’
1235 444 1336 503 ἔστ’
1364 447 1521 518 ἐμόν·

285 526 315 584 ὂ
340 527 390 585 δ’
422 528 695 601 ἀγλάισμα
720 529 987 601 δωμάτων
1012 533 1147 600 ἐμοῦ
1173 527 1212 585 τ’
1241 537 1376 602 ἔφυ,

282 614 536 686 θυγάτηρ
562 613 834 687 ἄνανδρος
859 612 1022 668 πολιὰ
1046 616 1478 685 παρθενεύεται·

280 697 354 753 τῶ
379 704 478 754 τοῦ
502 698 640 764 Διὸς
664 700 725 755 δὲ
750 700 1026 769 λεγομένω
1051 700 1340 770 Διοσκόρω

282 779 384 838 οὐκ
408 783 580 838 ἐστόν.
618 782 756 839 ἀλλὰ
780 780 930 839 πάντ’
961 788 1160 853 ἔχουσα
1185 789 1428 855 δυστυχῆ
1661 796 1743 841 285

283 879 395 931 τοῖς
418 867 732 939 πράγμασιν
754 870 1026 937 τέθνηκα,
1052 881 1164 932 τοῖς
1189 874 1222 923 δ
1230 865 1243 886 '
1272 875 1515 940 ἔργοισιν
1539 865 1609 924 οὔ

276 950 338 1006 τὸ
364 948 415 1006 δ’
445 957 672 1022 ἔσχατον
695 949 857 1022 τοῦτ’,
886 957 936 1006 εί
955 951 1218 1023 μόλοιμεν
1244 959 1319 1017 εἰς
1345 953 1574 1024 πάτραν,

276 1036 542 1107 κλῄθροις
570 1031 640 1089 ἂν
678 1034 912 1109 εἴργοιέν
940 1057 1034 1112 με,
1086 1035 1188 1108 τὴν
1211 1034 1300 1092 ὑπ’
1322 1035 1461 1110 Ἰλίῳ

280 1123 578 1185 δοκοῦντες
594 1118 817 1191 Ἑλένην
841 1122 1106 1175 Μενέλεω
1142 1128 1332 1192 μολεῖν
1360 1122 1507 1193 μέτα.

279 1209 328 1258 εἰ
350 1203 451 1274 μὲν
481 1204 587 1277 γὰρ
613 1212 699 1276 ἔζη
725 1205 899 1275 πόσις,
926 1202 1361 1277 ἀνεγνώσθημεν
1387 1202 1456 1261 άν
1659 1219 1736 1263 29(

279 1293 354 1353 εἰς
377 1286 595 1361 ξύμβολ’
625 1288 847 1346 ἐλθόνθ’
877 1286 910 1344 ἃ
934 1288 1122 1361 φανέρ’
1152 1286 1220 1345 ἂν
1244 1291 1432 1362 μόνοις
1457 1286 1526 1345 ‹322›
1548 1282 1634 1361 ἦν.

275 1378 385 1427 νῦν
410 1370 462 1428 δ’
493 1371 620 1430 οὔτε
644 1371 785 1430 τοῦτ’
814 1372 913 1429 ἔστ’
944 1371 1072 1429 οὔτε
1096 1374 1168 1445 μὴ
1194 1380 1353 1446 σωθῇ
1377 1397 1524 1431 ποτε.

275 1462 333 1511 τί
353 1455 471 1527 δῆτ’
501 1464 578 1514 ἔτι
603 1465 701 1526 ζῶ;
728 1456 825 1514 τίν’
855 1456 1221 1530 ὑπολείπομαι
1244 1459 1444 1530 τύχηνς

277 1541 485 1611 γάμους
510 1544 737 1614 ἑλομένη
762 1548 872 1598 τῶν
900 1549 1086 1598 κακῶν
1109 1541 1444 1615 ὑπαλλαγάς,

274 1623 381 1696 μετ’
410 1623 611 1699 ἀνδρὸς
639 1633 812 1683 οἰκεῖν
828 1628 1115 1699 βαρβάρου
1140 1628 1276 1700 πρὸς
1300 1633 1574 1684 πλουσίαν
1653 1640 1739 1687 ‘295

277 1710 545 1782 τράπεζαν
572 1709 763 1780 ἴζουσ’;
797 1709 907 1767 ἀλλ’
937 1709 1069 1768 ὅταν
1093 1712 1250 1778 πόσις
1274 1711 1468 1784 πικρὸς

276 1795 413 1867 ξυνῇ
436 1803 688 1866 γυναικί,
715 1798 807 1852 καὶ
829 1794 889 1852 τὸ
918 1802 1034 1852 σῶν
1060 1799 1207 1852 ἐστιν
1234 1797 1450 1869 πικρόν.

271 1887 472 1934 θανεῖν
499 1881 819 1952 κράτιστον·
856 1887 971 1946 πῶς
993 1878 1212 1952 θάνοιμ’
1242 1877 1311 1936 άν
1338 1874 1441 1937 οὖν
1464 1887 1674 1948 καλῶς;

272 1960 573 2035 ἀσχήμονες
597 1965 698 2036 μὲν
721 1962 949 2037 ἀγχόναι
972 1968 1269 2038 μετάρσιοι,

272 2045 378 2103 κάν
402 2062 542 2105 τοῖσι
568 2050 786 2115 δούλοις
813 2050 1121 2122 δυσπρεπὲς
1153 2057 1452 2121 νομίζεται·
1653 2065 1736 2107 300

273 2135 481 2204 σφαγαὶ
506 2138 539 2189 δ
546 2132 559 2152 '
589 2140 807 2205 ἔχουσιν
833 2132 1054 2206 εὐγενές
1077 2158 1128 2190 τι
1154 2137 1245 2191 καὶ
1269 2135 1458 2206 καλόν,

273 2217 499 2288 σμικρὸς
523 2216 574 2274 δ’
603 2216 631 2274 ὁ
655 2218 843 2291 καιρὸς
868 2217 1015 2291 κρᾶτ’
1045 2217 1347 2286 ἀπαλλάξαι
1373 2226 1519 2291 βίου.

273 2306 349 2365 εἰς
371 2300 476 2373 γὰρ
500 2309 762 2359 τοσοῦτον
784 2301 1032 2375 ἤλθομεν
1054 2304 1230 2376 βάθος
1254 2311 1442 2360 κακῶν
1457 2323 1467 2334 ·

271 2389 333 2440 αἱ
351 2385 452 2455 μὲν
475 2387 579 2460 γὰρ
609 2385 768 2443 ἄλλαι
794 2388 886 2444 διὰ
914 2388 974 2444 τὸ
998 2389 1196 2453 κάλλος
1228 2387 1474 2461 εὐτυχεῖς

269 2483 554 2541 γυναῖκες,
580 2469 720 2544 ἡμᾶς
744 2471 796 2528 δ’
826 2470 961 2529 αὐτὸ
986 2471 1127 2529 τοῦτ’
1155 2471 1453 2531 ἀπώλεσεν.
1649 2488 1732 2530 305

92 2559 192 2607 XO.
261 2550 475 2626 Ἑλένη,
501 2554 598 2611 τὸν
623 2555 868 2628 ἐλθόνθ’,
896 2555 1041 2622 ὅστις
1067 2561 1213 2614 ἐστὶν
1239 2556 1265 2614 ὁ
1291 2561 1458 2630 ξένος,

271 2636 343 2708 μὴ
369 2638 520 2695 πάντ’
548 2637 730 2712 άληθῆ
754 2643 986 2717 δοξάσῃς
1005 2645 1299 2713 εἰρηκέναι.

84 2727 192 2775 ΕΛ.
262 2724 354 2778 καὶ
382 2722 492 2794 μὴν
515 2731 703 2796 σαφῶς
726 2725 858 2790 ἔλεξ’
903 2726 1170 2784 ὀλωλέναι
1199 2733 1381 2788 πόσιν.

81 2812 195 2860 ΧΟ.
264 2804 414 2862 πόλλ’
450 2804 519 2862 ἂν
536 2812 747 2879 γένοιτο
772 2813 865 2866 καὶ
892 2812 983 2866 διὰ
1006 2816 1235 2876 ψευδῶν
1260 2818 1380 2883 ἔπη.

83 2896 190 2945 ΕΛ.
259 2893 352 2946 καὶ
374 2888 648 2962 τᾶμπαλίν
671 2917 734 2965 γε
757 2893 922 2950 τῶνδ’
951 2893 1189 2968 άληθείᾳ
1210 2899 1380 2967 σαφῆ.
1643 2909 1727 2951 310

145 2988 295 3022 evum.
313 2989 414 3019 vot„
444 2977 476 3019 Ι.
1389 2975 1451 3025 13
