2022 3126
682 91 1129 138 HPAKAE1AAI
1621 89 1723 140 ‘289

256 234 315 283 οἳ
337 227 390 283 δ’
421 228 634 298 ἀσθενῆ
661 229 761 299 μὲν
784 227 911 283 τάπ’
939 232 1071 300 ἐμοῦ
1097 231 1436 301 δεδορκότες,

260 311 522 383 σμικροὺς
546 313 607 368 δὲ
630 312 830 367 τούσδε
853 315 945 367 καὶ
968 313 1171 385 πατρὸς
1193 318 1553 385 τητωμένους,

260 397 388 461 τοὺς
409 403 732 468 κρείσσονας
754 399 1006 468 σέβοντες
1030 400 1334 469 έξείργουσι
1359 406 1473 469 γῆς.
1667 417 1722 457 25

258 480 362 550 ἐγω
393 482 453 536 δὲ
476 480 581 536 σὺν
606 481 876 551 φεύγουσι
901 483 1203 552 συμφεύγω
1228 486 1438 548 τέκνοις

257 568 349 620 καὶ
373 564 480 620 συν
503 571 682 630 κακῶς
706 567 1010 635 πράσσουσι
1035 569 1335 636 συμπάσχω
1361 573 1539 632 κακῶς

258 648 440 704 ὀκνῶν
464 654 798 718 προδοῦναι,
825 649 897 720 μή
920 673 1001 714 τις
1027 643 1125 705 ὧδ’
1158 660 1283 722 εἴπῃ
1307 658 1551 722 βροτῶν·

260 731 462 803 ἴδεσθ’,
493 733 681 804 ἐπειδὴ
706 737 897 789 παισὶν
925 732 1026 789 οὐκ
1053 741 1202 789 ἔστιν
1225 736 1419 808 πατήρ,

251 815 447 882 Ἰόλαος
471 815 573 873 οὐκ
597 816 773 889 ἤμυνε
796 817 1068 889 συγγενὴς
1090 819 1279 889 γεγώς.
1666 836 1721 878 30

257 902 430 973 πάσης
454 902 515 956 δὲ
538 903 717 972 χώρας
740 899 994 967 Ἑλλάδος
1016 904 1332 974 τητώμενοι,

257 992 592 1057 ,Μαραθῶνα
615 988 708 1041 καὶ
734 986 1049 1057 σύγκληρον
1079 987 1335 1052 ἐλθόντες
1359 989 1536 1058 χθόνα

257 1073 427 1125 ἱκέται
451 1071 832 1141 καθεζόμεσθα
857 1069 1056 1141 βῶμιοι
1080 1077 1249 1141 θεῶν,

256 1160 678 1226 προσωφελῆσαι
694 1173 705 1183 ·
740 1159 903 1209 πεδία
926 1155 1030 1227 γὰρ
1055 1161 1220 1227 τῆσδε
1242 1157 1445 1226 χθονὸς

255 1238 479 1303 δισσους
502 1251 782 1294 κατοικειν
807 1243 1027 1310 Θησέως
1051 1245 1250 1304 παῖδας
1273 1241 1434 1312 λόγος
1666 1258 1718 1300 35

254 1323 439 1396 κλήρω
465 1323 755 1394 λαχόντας,
787 1326 846 1378 ἐκ
871 1327 1067 1394 γένους
1088 1329 1417 1395 Πανδίονος,

256 1405 424 1461 τοισδ’
455 1407 617 1478 ἐγγὺς
642 1406 829 1471 όντας·
859 1409 937 1462 ῶν
961 1411 1111 1464 ε’κατι
1135 1412 1401 1480 τέρμονας

253 1498 489 1546 κλεινῶν
513 1490 768 1562 Ἀθηνῶν
793 1491 947 1547 τόνδ’
978 1490 1315 1564 ἀφικόμεσθ’
1348 1491 1496 1563 ὅρον.

254 1580 416 1630 δυοῖν
440 1577 724 1646 γερόντοιν
748 1576 808 1630 δε
832 1591 1209 1647 στρατηγεῑται
1238 1578 1414 1649 φυγή·

254 1659 359 1729 ε’γω
386 1683 487 1730 μεν
511 1658 653 1730 ἀμφὶ
676 1665 860 1715 τοισδε
884 1668 1198 1731 καλχαίνων
1222 1665 1450 1733 τέκνοις,
1659 1678 1715 1720 40

249 1736 283 1812 ἣ
315 1741 369 1797 δ’
404 1767 475 1798 αυ
500 1743 558 1799 τὸ
584 1751 734 1815 θῆλυ
759 1743 954 1809 παιδὸς
978 1742 1249 1817 Ἀλκμήνη
1275 1748 1431 1817 γένος

252 1834 430 1883 ε’σωθε
454 1835 594 1883 ναοῦ
622 1826 779 1884 τοῦδ’
812 1826 1263 1901 ὑπηγκαλισμένη

251 1912 434 1979 σώζει·
459 1915 587 1976 νέας
610 1913 715 1985 γὰρ
740 1916 1056 1984 παρθένους
1081 1915 1391 1986 αἰδούμεθα

252 1994 395 2070 ὄχλῳ
421 1997 671 2064 πελάζειν
695 1995 1242 2068 κάπιβωμιοστατεϊν.

240 2077 426 2145 Γ’Υλλος
451 2086 484 2135 δ
492 2079 504 2098 ’
535 2079 774 2153 ἀδελφοί
792 2081 855 2136 θ’
890 2079 996 2137 οἷσι
1023 2083 1319 2155 πρεσβεύει
1344 2086 1504 2154 γένος
1660 2098 1711 2141 45

251 2163 465 2234 ζητοῦσ’
494 2162 635 2220 ὅπου
659 2171 757 2237 γῆς
779 2167 993 2238 πύργον
1019 2170 1366 2238 οἰκιούμεθα,

249 2244 317 2318 ἢν
342 2247 495 2318 τῆσδ’
524 2247 919 2320 ἆπωθῶμεσθα
942 2250 1079 2322 πρὸς
1105 2259 1234 2322 βίαν
1255 2252 1474 2322 χθονός.

251 2324 294 2386 ῶ
316 2335 480 2388 τέκνα
505 2335 694 2404 τέκνα,
725 2339 917 2405 δεῦρο,
945 2334 1288 2406 λαμβάνεσθ’
1318 2339 1465 2406 ε’μῶν

251 2419 501 2472 πέπλων
529 2415 641 2487 ὁρῶ
665 2418 880 2489 κη’ρυκα
905 2418 1060 2474 τόνδ
1090 2418 1435 2490 Εὐρυσθέως

249 2498 513 2571 στείχοντ’
542 2500 632 2572 ἐφ’
661 2500 826 2574 ἡμᾶς,
854 2496 924 2558 οὗ
947 2502 1285 2575 διωκόμεσθ’
1313 2501 1423 2560 ὕπο
1658 2519 1712 2558 50

250 2585 424 2656 πάσης
448 2583 640 2656 ἀλῆται
664 2593 762 2657 γῆς
788 2586 1229 2658 ἀπεστερημένοι.

251 2661 295 2723 ῶ
317 2682 499 2739 μῖσος,
531 2668 644 2725 εἴθ’
676 2669 825 2726 ὄλοιο
848 2669 924 2741 χῶ
953 2674 1167 2742 πέμψας
1190 2671 1244 2728 σ’
1270 2670 1437 2745 ἀνήρ·

249 2750 320 2816 ῶς
346 2753 517 2808 πολλὰ
541 2753 609 2825 δὴ
633 2757 725 2810 καὶ
749 2759 924 2810 τῶνδε
949 2763 1186 2831 γενναίῳ
1210 2759 1375 2829 πατρὶ

246 2840 306 2891 ἐκ
330 2842 495 2892 τοῦδε
518 2836 723 2894 ταύτοῦ
747 2839 1008 2909 στόματος
1030 2838 1288 2912 ἤγγειλας
1312 2839 1465 2896 κακά.

198 2933 343 2964 EVRIP.
381 2935 484 2964 vox..
524 2923 556 2966 Ι.
1366 2921 1430 2970 19
