2022 3126
212 89 316 140 234

913 93 1170 142 EAENH

403 229 561 288 ἄλλοι
585 232 647 288 δὲ
672 237 890 303 τοίχους
913 232 1129 300 δεξιούς
1153 234 1345 300 λαιούς
1368 233 1415 290 τ’
1445 244 1554 291 ἶσοι

403 315 544 387 ἀνὴρ
571 314 701 387 παρ’
736 314 902 389 ἄνδρ’
932 315 1115 386 ἕζονθ’
1148 315 1255 390 ὑφ’
1290 324 1472 391 εἵμασι
1496 325 1629 393 ξίφη

405 399 632 473 λαθραῖ’
665 407 907 472 ἔχοντες,
934 403 1103 475 ῥόθιά
1126 402 1179 458 τ’
1208 407 1570 476 ἐξεπίμπλατο
1770 421 1879 466 1575

404 492 567 593 βοῆς,
593 493 895 543 κελευστοῦ
921 486 1216 560 φθέγμαθ’
1245 487 1318 556 ὡς
1347 487 1683 562 ἠκούσαμεν.

402 574 519 627 ἐπεὶ
545 572 607 627 δὲ
631 578 789 670 γαίας
815 565 954 644 ἦμεν
980 571 1099 629 οὔτ’
1129 571 1271 645 ἄγαν
1297 576 1486 647 πρόσω

401 654 520 712 οὔτ’
550 658 740 729 ἐγγύς,
769 654 946 723 οὕτως
971 655 1120 756 ἤρετ’
1157 660 1365 715 οἰάκων
1389 661 1597 732 φύλαξ

404 738 492 812 ἔτ’,
512 765 553 796 ω
579 741 714 813 ξέν’,
741 749 818 808 είς
841 742 900 798 τὸ
927 739 1203 814 πρόσθεν,
1229 740 1264 816 ἦ
1288 751 1466 810 καλῶς
1491 752 1617 817 ἔχει,

405 826 762 898 πλεύσωμεν,
793 826 957 899 αρχαὶ
980 827 1085 899 γὰρ
1111 828 1251 895 νεώς
1274 832 1510 901 μέλουσί
1528 849 1633 888 σοι.
1773 846 1881 890 1580

400 909 427 965 ὃ
456 909 516 968 δ’
546 910 679 983 εἶφ’·
711 909 829 979 ἅλις
855 937 963 984 μοι.
993 918 1145 987 δεξιᾷ
1173 912 1226 971 δ’
1255 914 1398 971 ἑλών
1422 919 1578 987 ξίφος

402 1002 478 1062 εἰς
503 1019 733 1072 πρωραν
759 994 914 1068 εἷρπε
938 996 1072 1054 κάπὶ
1095 1006 1334 1076 ταυρείω
1359 1008 1547 1074 σφαγῇ

403 1085 630 1147 σταθεὶς
653 1088 872 1153 νεκρῶν
895 1084 997 1155 μὲν
1022 1081 1255 1150 οὐδενὸς
1279 1085 1502 1157 μνήμην
1527 1093 1684 1158 ἔχων,

404 1168 620 1266 τέμνων
645 1169 706 1223 δὲ
729 1167 930 1239 λαιμὸν
947 1166 1144 1240 ηὔχετ’·
1172 1171 1214 1225 ὠ
1239 1177 1416 1226 ναίων
1440 1167 1544 1227 αλα

403 1252 593 1309 πόντιε
615 1251 894 1308 Πόσειδον
916 1255 1151 1325 Νηρέως
1173 1252 1238 1310 θ’
1266 1252 1431 1328 ἁγναὶ
1454 1257 1631 1329 κόραι,
1770 1270 1881 1315 1585

405 1336 620 1393 σώσατέ
638 1334 698 1409 μ’
728 1335 814 1393 ἐπ’
846 1335 1012 1403 ἀκτὰς
1037 1346 1336 1406 Ναυπλίας
1360 1341 1610 1413 δάμαρτά
1633 1364 1693 1399 τε

405 1418 616 1478 ἄσυλον
641 1425 700 1478 ἐκ
725 1428 840 1494 γῆς.
873 1428 1098 1494 αἳματος
1122 1423 1174 1480 δ’
1203 1422 1477 1496 ἀπορροαὶ

406 1509 460 1571 ἐς
485 1504 631 1579 οἶδμ’
664 1507 1014 1579 ἐσηκόντιζον
1038 1507 1224 1581 οὔριαι
1249 1511 1403 1586 ξένω.

404 1598 503 1647 καί
526 1616 607 1657 τις
631 1590 748 1648 τόδ’
778 1592 921 1649 εἶπε·
950 1593 1133 1659 δόλιος
1161 1592 1189 1666 ἡ
1214 1603 1542 1667 ναυκληρία,

406 1676 574 1733 πάλιν
602 1680 857 1749 πλέωμεν
883 1676 1076 1734 ἀκτίαν
1093 1704 1103 1714 ·
1153 1682 1347 1736 κέλευε
1371 1681 1460 1752 σύ,
1772 1695 1881 1738 1590

404 1760 473 1816 σύ
501 1763 563 1818 δε
586 1760 781 1834 στρέφ’
809 1762 965 1820 οἰακ’.
992 1788 1051 1820 εκ
1078 1765 1139 1821 δε
1162 1772 1426 1836 ταυρείου
1453 1766 1632 1837 φόνου

399 1843 629 1917 Ἀτρέως
652 1851 877 1947 σταθεις
901 1863 1028 1916 παῖς
1052 1849 1321 1922 ἀνεβόησε
1345 1851 1671 1923 συμμάχοις·

406 1938 462 1986 τί
486 1930 722 2003 μέλλετ’,
751 1956 792 1988 ω
819 1940 918 2005 γῆς
940 1932 1191 2001 Ελλάδος
1216 1942 1568 2039 λωτίσματα,

406 2017 633 2088 σφάζειν
660 2018 924 2087 φονεύειν
949 2019 1266 2091 βαρβάρους
1289 2020 1428 2085 νεώς
1453 2019 1501 2076 τ’
1534 2044 1639 2077 απο

409 2104 624 2172 ῥίπτειν
651 2105 704 2166 ἐς
729 2102 922 2174 οἷδμα;
953 2104 1248 2175 ναυβάταις
1277 2105 1339 2161 δὲ
1363 2119 1504 2162 τοῖσι
1529 2119 1646 2171 σοῖς
1771 2118 1880 2162 1595

406 2192 512 2260 βοᾷ
536 2186 833 2258 κελευστὴς
857 2186 957 2259 τὴν
981 2191 1240 2244 ἐναντίαν
1267 2187 1400 2246 ὄπα·

408 2268 512 2326 οὐκ
541 2269 608 2327 εἷ’
633 2266 664 2325 ὃ
693 2273 793 2342 μέν
819 2296 898 2337 τις
922 2280 1154 2329 λοῖσθον
1181 2271 1392 2344 ἀρεῖται
1417 2276 1574 2347 δόρυ,

404 2350 434 2408 ὃ
469 2357 530 2412 δὲ
555 2354 673 2428 ζύγ’
704 2355 860 2426 ἄξας,
893 2355 926 2413 ὃ
949 2355 1004 2414 δ’
1031 2356 1258 2429 ἀφελών
1282 2367 1531 2432 σκαλμοῦ
1558 2361 1786 2432 πλάτην,

407 2439 822 2513 καθαιματώσει
845 2448 1018 2515 κρᾶτα
1042 2451 1321 2515 πολεμίων
1345 2448 1545 2512 ξένων;

411 2522 577 2597 ὀρθοὶ
602 2524 654 2581 δ’
684 2523 893 2599 ἀνῇξαν
916 2527 1143 2599 πάντες,
1171 2534 1226 2584 οἳ
1244 2530 1346 2600 μὲν
1370 2533 1431 2586 ἐν
1453 2544 1642 2601 χεροῖν
1773 2543 1883 2585 1600

410 2609 651 2681 κορμοὺς
676 2617 891 2681 ἔχοντες
914 2613 1238 2683 ναυτικούς,
1266 2621 1323 2669 οἳ
1343 2616 1406 2670 δὲ
1429 2619 1560 2686 ξίφη
1577 2635 1588 2644 ·

412 2695 568 2764 φόνῳ
593 2696 654 2751 δὲ
684 2702 818 2761 ναῦς
841 2699 1070 2769 ἐρρεῖτο.
1098 2702 1520 2772 παρακέλευσμα
1544 2699 1596 2756 δ’
1626 2692 1699 2773 ἦν

410 2779 743 2852 πρύμνηθεν
765 2778 1008 2854 Ἑλένης·
1033 2789 1142 2838 ποῦ
1166 2781 1227 2839 τὸ
1259 2783 1510 2856 Τρωικὸν
1529 2789 1717 2850 κλέος;

416 2868 628 2932 δείξατε
652 2869 790 2937 πρὸς
814 2863 1021 2940 ἄνδρας
1045 2868 1378 2940 βαρβάρους.
1418 2875 1664 2942 σπουδῆς
1689 2866 1745 2925 δ’
1777 2865 1882 2924 ὕπο
