2022 3126
265 96 331 146 52

270 249 369 297 ΕΡ.

862 99 971 147 ΑΝ
974 99 1057 144 ΔΡ
1066 98 1334 144 OMAXH

453 240 661 312 κόσμον
683 241 785 312 μὲν
810 237 954 311 ἀμφὶ
976 241 1137 311 κρατὶ
1159 242 1394 311 χρυσέας
1417 244 1606 311 χλιδῆς

454 325 693 397 στολμόν
716 348 774 380 τε
796 323 1004 396 χρωτὸς
1040 327 1206 381 τόνδε
1231 332 1500 380 ποικίλων
1535 327 1779 395 πέπλων,

455 409 523 466 οὐ
548 417 660 465 τῶν
679 409 964 481 Ἀχιλλέως
989 406 1123 465 οὐδὲ
1145 413 1374 480 Πηλέως
1398 408 1506 464 ἄπο

455 496 643 566 δόμων
668 492 915 565 ἀπαρχὰς
941 493 1091 564 δεῦρ’
1121 491 1302 565 ἔχουσ’
1333 492 1634 567 ἀφικόμην,
1851 509 1934 550 150

453 577 576 634 ἀλλ’
607 584 664 635 ἐκ
691 585 975 650 Λακαίνης
1005 579 1417 650 Σπαρτιάτιδος
1440 578 1645 650 χθονὸς

454 667 744 729 ,Μενέλαος
768 661 901 736 ἡμῖν
925 670 1100 719 ταῦτα
1125 668 1386 735 δωρεῖται
1408 663 1586 735 πατὴρ

453 756 676 814 πολλοῖς
701 749 810 805 σὺν
833 753 1045 818 ἕδνοις,
1074 745 1194 804 ὥστ’
1231 752 1742 821 ἐλευθεροστομεῖν.

452 832 594 906 ὑμᾶς
619 835 720 905 μὲν
746 827 851 890 οὖν
874 831 1051 889 τοῖσδ’
1080 832 1479 905 ἀνταμείβομαι
1511 833 1719 904 λόγοις·

452 919 523 975 σὺ
549 917 601 975 δ’
631 913 772 975 οὖσα
798 920 970 990 δούλη
997 920 1088 973 καὶ
1115 924 1436 990 δορίκτητος
1459 918 1603 990 γυνὴ
1854 933 1935 974 155

453 1005 660 1076 δόμους
684 1018 978 1075 κατασχεῖν
1004 1002 1299 1075 ἐκβαλοῦσ’
1332 1001 1474 1076 ἡμᾶς
1497 1006 1682 1068 θέλεις

451 1090 650 1145 τούσδε
668 1134 681 1159 ,
709 1096 1020 1161 στυγοῦμαι
1048 1094 1081 1144 δ
1089 1087 1100 1106 ’
1132 1087 1298 1160 ἀνδρὶ
1324 1089 1668 1161 φαρμάκοισι
1695 1101 1828 1159 σοῖς,

450 1173 626 1246 νηδὺς
651 1173 703 1230 δ’
737 1173 968 1246 ἀκύμων
995 1173 1088 1229 δια
1113 1177 1178 1230 σέ
1201 1198 1293 1245 μοι
1319 1175 1605 1230 διόλλυται
1622 1193 1632 1202 ·

451 1259 606 1330 δεινὴ
635 1260 739 1331 γὰρ
759 1258 1084 1329 Ἠπειρῶτις
1110 1266 1187 1324 εἰς
1211 1259 1277 1315 τὰ
1303 1260 1491 1315 τοιάδε

451 1344 599 1416 ψυχὴ
626 1351 941 1447 γυναικῶν·
983 1345 1063 1399 ῶν
1089 1344 1363 1415 ἐπισχήσω
1389 1342 1443 1400 σ’
1475 1344 1601 1416 ε’γῶ,
1850 1357 1933 1399 160

451 1427 659 1485 κούδέν
682 1428 733 1485 σ’
762 1428 952 1500 ὀνήσει
982 1434 1138 1500 δῶμα
1161 1434 1426 1501 Νηρῇδος
1450 1429 1595 1500 τόδε,

453 1513 520 1571 οὐ
546 1513 730 1586 βωμὸς
755 1513 888 1571 οὐδὲ
915 1514 1064 1585 ναός,
1095 1511 1234 1570 αλλὰ
1260 1523 1546 1570 κατθανεῖ.

450 1596 520 1671 ἢν
546 1599 596 1655 δ’
628 1601 733 1656 οὐν
757 1606 976 1671 βροτῶν
998 1606 1080 1664 τίς
1104 1597 1157 1654 σ’
1186 1596 1221 1670 ἢ
1247 1605 1403 1655 θεῶν
1427 1606 1603 1656 σῶσαι
1625 1601 1786 1671 θέλῃ,

454 1690 544 1741 δεῖ
563 1683 614 1740 σ’
645 1682 769 1741 ἀντὶ
797 1692 909 1741 τῶν
935 1686 1069 1755 πρὶν
1094 1683 1302 1757 ὀλβίων
1328 1684 1702 1757 φρονημάτων

452 1773 647 1841 πτῆξαι
669 1768 938 1840 ταπεινὴν
971 1783 1307 1840 προσπεσεῖν
1330 1767 1369 1824 τ’
1399 1769 1532 1841 ε’μὸν
1557 1769 1715 1841 γόνυ,
1856 1782 1935 1825 165

452 1862 667 1924 σαίρειν
696 1878 753 1910 τε
777 1860 934 1926 δῶμα
960 1852 1171 1925 τούμὸν
1195 1858 1254 1910 ἐκ
1279 1855 1642 1926 χρυσηλάτων

456 1942 698 2009 τευχέων
722 1942 842 2010 χερὶ
866 1945 1209 2009 σπείρουσαν
1229 1937 1500 2013 Ἀχελῴου
1532 1939 1755 2011 δρόσον,

455 2030 672 2096 γνῶναί
695 2021 747 2079 θ’
781 2022 846 2080 ἵν’
877 2024 926 2080 εἷ
948 2030 1063 2095 γῆς.
1112 2021 1177 2080 ού
1205 2025 1310 2096 γάρ
1337 2021 1450 2080 ἐσθ’
1467 2021 1678 2093 Ἕκτωρ
1703 2023 1851 2093 τάδε,

453 2107 520 2165 οὐ
544 2116 797 2181 Πρίαμος
824 2107 956 2164 οὐδὲ
980 2109 1210 2180 χρυσός,
1239 2107 1360 2164 ἀλλ’
1385 2108 1574 2174 Ἑλλὰς
1590 2110 1764 2174 πόλις.

455 2201 531 2259 εἰς
556 2201 719 2250 τοῦτο
745 2200 777 2251 δ
785 2193 797 2212 ’
828 2191 980 2266 ἥκεις
1006 2192 1280 2266 ἀμαθίας,
1308 2195 1549 2266 δύστηνε
1573 2194 1663 2264 σύ,
1853 2205 1936 2248 170

454 2277 489 2351 ἣ
515 2282 673 2335 παιδὶ
705 2280 935 2350 πατρός,
962 2276 1020 2344 ὂς
1052 2278 1154 2335 σὸν
1179 2278 1386 2335 ὤλεσεν
1412 2280 1594 2350 πόσιν,

454 2372 653 2439 τολμᾷς
678 2365 972 2431 ξυνεύδειν
996 2366 1090 2419 καὶ
1113 2362 1251 2420 τέκν’
1280 2363 1566 2420 αὐθέντου
1590 2364 1737 2435 πάρα

456 2457 678 2506 τίκτειν.
713 2456 967 2505 τοιοῦτον
992 2456 1104 2505 πᾶν
1127 2449 1186 2505 τὸ
1215 2449 1500 2521 βάρβαρον
1523 2452 1682 2521 γένος
1698 2468 1708 2477 ·

455 2534 630 2607 πατήρ
656 2558 714 2590 τε
739 2537 983 2606 θυγατρὶ
1007 2548 1133 2599 παῖς
1159 2558 1216 2590 τε
1241 2537 1404 2607 μητρὶ
1429 2541 1691 2606 μίγνυται

455 2620 592 2691 κόρη
619 2617 657 2675 τ’
687 2617 939 2695 ἀδελφῷ,
974 2619 1066 2675 διὰ
1092 2620 1274 2690 φόνου
1301 2617 1353 2676 δ’
1385 2624 1442 2675 οἱ
1469 2626 1722 2691 φίλτατοι
1855 2629 1936 2674 175

461 2711 728 2775 χωροῦσι,
755 2707 847 2759 καὶ
873 2702 1039 2760 τῶνδ’
1071 2702 1240 2761 οὐδὲν
1267 2708 1496 2776 ἐξείργει
1521 2704 1704 2775 νόμος.

459 2787 493 2844 ἃ
517 2789 588 2861 μὴ
617 2787 737 2859 παρ’
766 2787 904 2860 ἡμᾶς
931 2787 1136 2862 εἰ’σφερ’
1156 2809 1168 2820 ·
1198 2788 1332 2846 οὐδὲ
1354 2789 1460 2861 γὰρ
1485 2788 1659 2844 καλὸν

461 2880 623 2930 δυοῖν
647 2888 940 2945 γυναικοῖν
966 2872 1118 2945 ἄνδρ’
1150 2872 1220 2930 ἕν’
1248 2872 1406 2946 ἡνίας
1433 2880 1595 2945 ἔχειν,
