2022 3126
645 631 1216 687 ΥΠΟΘΕΣΙΣ

273 979 438 1037 Μετὰ
473 980 574 1052 τὴν
615 986 813 1052 Τροίας
850 977 1058 1036 ἅλωσιν
1097 977 1327 1052 άραντες
1363 983 1421 1034 οἱ
1445 975 1706 1049 Ελληνες

108 1073 594 1168 καθωρμίσθησαν
611 1068 672 1121 ἐν
691 1072 756 1138 τῇ
770 1063 1072 1137 ἀντιπέραν
1085 1064 1421 1138 Χερρονήσῳ
1445 1070 1540 1135 τῆς
1556 1063 1707 1137 Θρᾴ-

106 1173 232 1222 κης,
271 1152 336 1222 ἡς
359 1143 493 1223 ἦρχε
535 1150 950 1223 Πολυμήστωρ·
995 1156 1136 1206 ἔνθα
1171 1151 1264 1205 καὶ
1303 1151 1499 1220 φανεὶς
1528 1146 1704 1220 Ἀχιλ-

106 1234 236 1301 λεὺς
283 1237 476 1306 ἐπέσχε
534 1234 664 1301 τοῦς
711 1233 961 1307 Ἀχαιοῦς
1012 1241 1106 1307 τῆς
1158 1232 1475 1306 ἀναγωγῆς,
1539 1239 1751 1289 αι’τῶνό

106 1319 206 1391 τὴν
252 1325 423 1376 παῖδα
466 1321 726 1392 Πριάμου
764 1322 1088 1391 Πολυξένην
1131 1321 1295 1391 γέρας
1339 1318 1490 1393 αὐτῷ
1531 1323 1704 1389 δοθῆ-

107 1428 214 1461 ναι.
282 1401 543 1476 ’Έλληνες
586 1406 688 1476 μὲν
733 1398 838 1460 οὖν
894 1407 1236 1475 ἐψηφίσαντο
1282 1403 1485 1475 σφάξαι
1532 1401 1707 1473 αὐτὴν

108 1491 197 1546 ἐπὶ
221 1496 294 1563 τῷ
333 1489 491 1563 τάφῳ
528 1497 628 1545 τοῦ
663 1487 859 1560 ἥρωος.
935 1496 1186 1561 ἔπεμψαν
1223 1489 1284 1544 δὲ
1319 1491 1411 1543 καὶ
1438 1486 1707 1543 Ὀδυσσέα

107 1573 244 1645 πρὸς
261 1571 514 1646 Ἑκάβην,
543 1572 615 1640 ὡς
629 1570 698 1629 ἂν
711 1574 812 1645 τὴν
826 1576 1116 1645 παρθένον
1129 1574 1290 1645 λάβοι
1307 1593 1317 1601 ·
1350 1570 1410 1638 ὂς
1424 1575 1515 1629 καὶ
1528 1595 1708 1643 παρα-

107 1658 402 1730 γενόμενος
428 1665 624 1730 ἔλαβεν
650 1658 842 1730 αὐτήν.
911 1665 1215 1730 σφαγείσης
1235 1659 1297 1715 δὲ
1320 1656 1488 1728 αὐτῆς
1505 1655 1704 1728 Ἑκάβη
1723 1671 1776 1711 10

109 1743 462 1814 θεράπαιναν
487 1742 656 1815 αὐτῆς
680 1743 1050 1816 ἕπεμψεπαρά
1062 1742 1157 1808 τὰς
1182 1741 1363 1813 ἀκτάς,
1391 1740 1529 1799 ω’στε
1552 1739 1706 1814 ὕδωρ

111 1832 333 1885 ἐκεῖθεν
367 1835 706 1900 κομίσασθαι
741 1827 878 1902 πρὸς
913 1827 1152 1902 λουτρὸν
1185 1830 1519 1899 Πολυξένης.
1579 1821 1709 1897 εῦρε

111 1913 173 1969 δὲ
205 1914 553 1986 Πολύδωρον
589 1917 707 1970 ἐκεῖ
734 1920 1020 1985 κείμενον,
1070 1911 1136 1970 ὃν
1170 1911 1199 1969 ὁ
1248 1911 1425 1983 πατὴρ
1458 1918 1709 1984 Πρίαμος

110 1996 246 2070 μετὰ
282 2005 493 2055 πολλοῦ
528 2005 739 2071 χρυσοῦ
777 2005 986 2071 ἔπεμψε
1020 1997 1156 2071 πρὸς
1177 1995 1587 2070 Πολυμήστορα
1610 1998 1709 2053 λά-

110 2092 254 2157 θρα,
280 2080 339 2148 ὃς
364 2085 482 2139 ἐπεὶ
505 2081 752 2140 ἁλοῦσαν
774 2084 876 2156 τὴν
907 2091 1114 2155 Τροίαν
1149 2090 1321 2155 ἔγνω,
1358 2083 1568 2155 σφάξας
1603 2080 1708 2137 αὐ-
1727 2100 1776 2139 15

111 2166 210 2223 τὸν
235 2173 464 2240 ἔρριψεν
488 2172 549 2225 ἐν
571 2176 637 2242 τῇ
659 2170 932 2243 θαλάσσῃ,
961 2193 1033 2234 ως
1058 2193 1127 2224 αν
1152 2167 1319 2235 αὐτὸς
1343 2174 1436 2241 ἔχῃ
1461 2167 1559 2224 τὸν
1572 2191 1707 2238 χρυ-

114 2252 230 2308 σόν.
281 2275 354 2318 ως
378 2255 483 2309 οῦν
507 2260 707 2310 τοῦτον
733 2255 900 2323 εῦρεν
922 2252 956 2325 ἡ
983 2254 1185 2325 δούλη,
1211 2251 1514 2325 ἀνελομένη
1548 2259 1709 2323 κομί-

113 2343 190 2405 ζει
217 2335 354 2408 πρὸς
370 2335 620 2411 Ἑκάβην.
665 2341 758 2395 καὶ
782 2363 879 2395 τον
890 2339 1238 2411 Πολυδωρον
1260 2344 1474 2410 γνοῦσα
1499 2335 1709 2402 ἀθλίως

114 2444 172 2477 τε
198 2428 319 2492 ἔσχε
342 2420 480 2479 καὶ
460 2420 609 2489 όπως
631 2421 922 2495 ἀμυνεῖται
955 2423 1363 2496 Πολυμήστορα
1405 2429 1708 2495 μηχανᾶται

119 2506 320 2562 τοιάδε.
371 2510 571 2579 πέμπει
593 2507 694 2580 τὴν
719 2506 887 2581 αὐτῆς
912 2509 1123 2580 δούλην
1148 2507 1286 2581 πρὸς
1308 2507 1406 2564 τὸν
1440 2506 1708 2578 Πολυμή-
1722 2524 1777 2565 ‘20

115 2609 311 2663 στορα,
343 2591 516 2649 αὐτόν
538 2617 597 2649 τε
634 2595 728 2649 καὶ
762 2592 830 2649 τὰ
861 2596 1026 2650 τέκνα
1063 2592 1200 2665 πρὸς
1234 2592 1439 2665 ἑαυτὴν
1471 2616 1710 2664 μετακα-

114 2678 374 2748 λουμένη.
422 2670 584 2743 οὗτος
604 2678 707 2750 μὲν
731 2671 835 2734 οὖν
870 2677 1005 2750 μετὰ
1038 2683 1150 2734 τῶν
1184 2683 1402 2734 παίδων
1435 2676 1571 2749 πρὸς
1605 2673 1709 2732 αῦ-

115 2759 217 2832 τὴν
240 2758 572 2830 ἀφικνεῖται.
626 2760 824 2835 Ἑκάβη
851 2763 912 2819 δὲ
942 2761 1080 2834 πρὸς
1113 2759 1287 2818 αὐτὸν
1311 2762 1513 2819 τούτου
1547 2761 1710 2832 χάριν

117 2850 224 2916 ἔφη
257 2848 611 2917 κεκληκέναι,
659 2851 752 2902 ἴνα
784 2853 994 2919 χρυσοῦ
1029 2846 1354 2918 θησαυροὺς
1397 2848 1710 2917 κεκρυμμέ-
