2022 3126
771 79 1040 128 BAKXAI
1638 77 1734 133 107

88 225 207 274 ΠΕ.
274 215 534 283 Πενθεὺς
552 215 787 289 Ἀγαύης
811 230 966 288 παῖς,
992 219 1195 289 πατρὸς
1219 217 1271 275 δ’
1293 217 1548 290 Ἐχίονος.

87 309 188 358 ΔΙ.

278 305 677 372 ἐνδυστυχῆσαι
702 299 920 372 τοῦνομ’
957 304 1261 373 ἐπιτήδειος
1286 303 1349 359 εἷ.

87 394 204 442 ΠΕ.
274 387 464 458 χω’ρει·
494 383 803 457 καθείρξατ’
832 384 1006 440 αὐτὸν
1032 391 1278 452 ἱππικαῖς
1303 391 1469 453 πέλας

88 900 177 948 ΔΙ.

90 1237 196 1284 XO.

279 471 602 541 φάτναισιν,
631 467 703 534 ὡς
729 467 797 525 ἂν
822 470 1042 526 σκότιον
1068 478 1255 545 εἰσορᾷ
1279 475 1503 542 κνέφας.
1660 490 1740 531 510

277 558 394 610 ἐκεῖ
411 551 632 625 χόρευε·
660 553 826 610 τάσδε
850 552 902 609 δ’
932 552 994 619 ἂς
1019 552 1172 626 ἄγων
1193 557 1354 627 πάρει

276 645 464 694 κακῶν
488 637 794 709 συνεργοὺς
818 635 853 710 ἢ
879 641 1320 712 διεμπολήσομεν

277 719 312 794 ἢ
335 737 491 794 χεῖρα
520 723 734 779 δούπου
759 728 926 779 τοῦδε
950 726 1043 779 καὶ
1067 725 1276 796 βύρσης
1300 725 1513 781 κτύπου

196 835 202 841 ·
275 805 516 877 παύσας,
544 805 623 878 ἐφ’
656 811 822 872 ἱστοῖς
848 813 1093 879 δμωίδας
1116 811 1465 881 κεκτήσομαι.

272 890 525 963 στείχοιμ’
556 890 649 946 ἄν·
676 889 706 947 ὅ
729 915 780 947 τι
804 891 908 963 γὰρ
933 893 1006 964 μὴ
1031 894 1226 965 χρεων,
1255 892 1411 950 οὔτοι
1434 896 1614 965 χρεων
1658 910 1739 951 515

272 985 494 1032 παθεῖν.
546 974 680 1046 ἀτάρ
706 999 787 1032 τοι
812 975 982 1033 τῶνδ’
1013 976 1187 1034 ἄποιν’
1215 976 1573 1050 ὑβρισμάτων

272 1063 478 1131 με’τεισι
502 1061 783 1126 Διόνυσός
808 1060 881 1132 σ’,
908 1059 974 1117 ὃν
1000 1060 1103 1119 οὐκ
1130 1063 1270 1119 εἶναι
1294 1066 1469 1134 λέγεις
1486 1081 1497 1091 ·

274 1142 412 1216 ἡμᾶς
443 1143 547 1216 γὰρ
575 1144 786 1200 ἀδικῶν
809 1159 998 1202 κεῖνον
1025 1153 1101 1212 εἰς
1127 1147 1364 1220 δεσμοὺς
1391 1146 1556 1218 ἄγεις.

268 1241 293 1265 *τ
320 1243 344 1268 10¹
371 1241 396 1268 *
423 1240 448 1268 *
475 1242 499 1268 *
527 1241 553 1267 *
1538 1249 1645 1302 (515ss

263 1311 531 1388 Ἀχελςόου
555 1314 820 1387 θύγατερ,

270 1396 440 1453 πότνι’
471 1396 787 1468 εὐπάρθενε
809 1405 1012 1471 Δίρκα,
1656 1413 1738 1456 520

273 1480 342 1537 σὺ
369 1481 474 1553 γὰρ
500 1485 560 1538 ἐν
584 1495 704 1547 σαῖς
728 1505 857 1539 ποτε
882 1498 1081 1555 παγαῖς

272 1565 331 1620 τὸ
358 1565 496 1631 Διὸς
521 1569 726 1638 βρέφος
755 1573 962 1639 ἔλαβες,

274 1648 365 1706 ὅτε
390 1657 545 1725 μηρῷ
569 1649 745 1722 πυρὸς
770 1654 822 1718 ἐξ
850 1650 917 1707 o'c-

269 1736 518 1790 θανάτου
542 1739 684 1800 Ζεύς
709 1733 736 1791 ὁ
762 1735 938 1792 τεκών
961 1735 1064 1809 ἥρ-

269 1822 411 1875 πασέ
431 1843 550 1890 νιν,
576 1817 697 1874 τάδ’
726 1818 1062 1892 ἀναβοάσας·
1654 1834 1737 1878 525

270 1913 382 1974 ἴθι,
408 1902 752 1976 Διθύραμβ’,
785 1904 922 1976 ἐμὰν
950 1904 1053 1977 ἄρ-

269 2006 402 2044 σενα
425 1989 591 2044 τάνδε
615 1995 751 2060 βᾶθι
774 1990 981 2061 νηδύν·

270 2071 561 2145 ἀναφαίνω
587 2091 648 2129 σε
671 2072 810 2144 τόδ’,
842 2067 885 2128 οἷ
908 2076 1056 2130 Βάκ-

270 2181 380 2228 χιε,
408 2158 616 2230 Θήβαις
640 2155 944 2230 ὀνομάζειν.

272 2263 342 2298 συ
371 2245 437 2299 δέ
455 2241 524 2315 μ’,
554 2235 598 2298 ὦ
620 2243 861 2314 μάκαιρα
884 2251 1087 2316 Δίρκα,
1650 2258 1735 2301 530

269 2327 727 2400 στεφανηφόρους
754 2327 977 2385 ἀπωθεῖ
1729 2349 1734 2352 ·

270 2412 506 2478 θιάσους
532 2419 765 2483 ἔχουσαν
790 2415 850 2468 ἐν
873 2421 977 2469 σοί.

272 2502 330 2550 τί
349 2494 395 2567 μ’
427 2495 670 2562 ἄναίνεις
700 2504 758 2552 τί
773 2520 840 2568 με
866 2499 1122 2571 φεύγειςς

273 2586 352 2636 ἔτι
373 2584 466 2637 ναὶ
489 2579 590 2637 τὰν
613 2582 904 2656 βοτρυώδη

271 2663 556 2723 Διονύσου
581 2666 743 2739 χάριν
768 2675 921 2733 οἴνας
1652 2681 1735 2724 535

272 2754 353 2805 ἔτι
375 2766 465 2805 σοι
487 2756 585 2805 τοῦ
608 2757 856 2822 Βρομίου
879 2751 1119 2824 μελήσει.

653 2849 735 2890 519
749 2869 812 2875 -·
829 2848 995 2894 53ss:
1007 2849 1090 2895 537
1104 2871 1166 2880 -
1180 2851 1266 2894 555
