2022 3126
172 104 276 155 224
893 108 1144 155 ΕΛΕΝΗ

173 254 385 303 ΘΕΟΚ.
421 245 490 303 οὐ
526 244 694 302 τῶνδ’
727 249 788 303 ἐν
811 244 1030 319 ἀγέλαις
1054 245 1267 318 ὀλβίαις
1290 255 1640 322 σπανίζομεν.
1728 266 1840 311 1260

172 340 299 390 ME.
418 335 510 388 καὶ
536 330 751 404 στρωτὰ
776 335 1001 403 φέρεται
1024 335 1223 403 λέκτρα
1248 333 1494 404 σώματος
1519 336 1668 391 κενά.

171 425 386 474 ΘΕΟΚ.
423 424 598 474 ἔσται·
627 423 686 472 τί
706 415 755 472 δ’
789 415 921 473 άλλο
945 420 1286 525 προσφέρειν
1309 425 1613 490 νομίζεται·
1601 465 1614 488 ,

168 511 300 560 ΜΕ.
417 499 726 574 χαλκήλαθ’
756 499 924 559 οπλα·
952 505 1045 558 καὶ
1067 502 1173 575 γὰρ
1197 505 1267 575 ἡν
1296 511 1458 576 φίλος
1484 509 1624 577 δορί.

169 595 382 644 ΘΕΟΚ.
419 586 541 655 αξια
566 587 686 643 τάδ’
718 594 868 644 ἔσται
889 586 1268 644 Πελοπιδῶν
1247 613 1281 644 α
1305 589 1574 661 δῶσομεν.

167 681 297 729 ΜΕ.
417 670 666 729 καὶτᾶλῖ
695 670 797 730 ὅσα
819 673 977 745 χθων
1002 672 1143 729 καλὰ
1157 676 1316 746 φέρει
1340 675 1711 746 βλαστήματα.
1729 691 1837 735 1265

168 765 385 814 ΘΕΟΚ.
419 765 534 823 πῶς
560 751 692 826 οῧνς
718 762 771 824 ἐς
795 759 958 831 οἶδμα
985 766 1094 814 τίνι
1118 759 1305 834 τρόπῳ
1330 767 1585 827 καθίετε;

166 851 291 900 ΜΕ.
410 850 555 900 ναῦν
578 849 668 900 δεῖ
687 858 944 917 παρεῖναι
968 842 1257 915 κάρετμῶν
1281 845 1584 910 ἐπιστάτας.

169 936 380 985 ΘΕΟΚ.
414 929 590 985 πόσον
614 927 666 985 δ’
697 927 949 1002 ἀπείργει
974 936 1143 1001 μῆκος
1169 933 1227 985 ἐκ
1253 937 1412 1001 γαίας
1439 930 1608 1001 δόρυ·
1597 975 1610 998 ,

167 1022 293 1070 ΜΕ.
413 1011 542 1070 ὥστ’
573 1018 871 1086 ἐξορᾶσθαι
897 1015 1063 1087 ρόθια
1086 1016 1360 1086 χερσόθεν
1383 1016 1556 1086 μόλις.

167 1106 379 1155 ΘΕΟΚ.
413 1107 470 1155 τί
505 1102 572 1173 δὴ
613 1097 732 1156 τόδ’
755 1098 943 1166 Ελλὰς
966 1101 1202 1172 νόμιμον
1229 1105 1286 1156 ἐκ
1313 1108 1461 1166 τίνος
1486 1104 1662 1172 σέβει;
1727 1115 1838 1159 1270

166 1192 291 1241 ME.
413 1182 485 1250 ῶς
509 1184 582 1256 μὴ
609 1185 776 1241 πάλιν
801 1193 870 1259 γῇ
896 1184 1092 1257 λύματ’
1124 1187 1329 1259 ἐκβάλῃ
1353 1187 1594 1242 κλύδων.

168 1276 381 1326 ΘΕΟΚ.
413 1277 685 1326 Φοίνισσα
711 1271 868 1343 κώπη
895 1269 1204 1342 ταχύπορος
1230 1272 1535 1342 γενήσεται.

166 1363 290 1411 ΜΕ.
411 1361 590 1419 καλῶς
616 1352 684 1410 ἂν
712 1364 794 1427 εἴη
818 1356 1089 1430 Μενέλεῴ
1114 1379 1172 1412 τε
1197 1356 1335 1427 πρὸς
1357 1357 1536 1429 χάριν.

167 1447 381 1497 ΘΕΟΚ.
417 1443 628 1496 οὔκουν
653 1440 723 1496 σύ
747 1444 915 1513 χωρὶς
939 1447 1104 1512 τῆσδε
1130 1447 1283 1510 δρῶν
1309 1440 1494 1512 ἀρκεῖς
1519 1442 1678 1509 τάδε;

166 1534 291 1582 ME.
412 1525 616 1598 μητρὸς
641 1527 738 1582 τόδ
746 1524 758 1544 ’
794 1533 958 1599 ἔργον
983 1523 1016 1598 ἢ
1041 1526 1304 1599 γυναικὸς
1329 1523 1364 1598 ἢ
1389 1529 1615 1583 τέκνων.
1730 1541 1837 1586 1275

168 1618 379 1668 ΘΕΟΚ.
414 1612 611 1683 ταύτης
643 1610 670 1668 ὁ
695 1613 932 1684 μόχθος,
967 1611 1038 1678 ῶς
1063 1615 1265 1685 λέγεις,
1295 1612 1534 1668 θάπτειν
1558 1614 1751 1679 πόσιν;

167 1705 292 1753 ΜΕ.
413 1700 472 1753 ἐν
499 1694 721 1769 εὐσεβεῖ
741 1705 883 1769 γοῦν
906 1698 1109 1769 νόμιμα
1133 1696 1205 1769 μὴ
1231 1699 1486 1753 κλέπτειν
1517 1705 1750 1769 νεκρῶν.

170 1789 381 1838 ΘΕΟΚ.
416 1791 538 1838 ἴτω·
568 1783 704 1856 πρὸς
734 1781 891 1854 ἡμῶν
917 1781 1115 1854 ἄλοχον
1144 1780 1346 1854 εὐσεβῆ
1372 1785 1615 1855 τρέφειν.

422 1867 606 1923 ἐλθών
632 1866 683 1925 δ’
715 1872 766 1933 ἐς
793 1877 981 1933 οἴκους
1009 1871 1194 1935 ἐξελοῦ
1219 1868 1426 1939 κόσμον
1457 1875 1638 1943 νεκρῷ
1655 1888 1665 1898 ·

422 1957 520 2008 καί
540 1950 591 2007 σ’
622 1952 688 2008 οὐ
713 1967 928 2009 κεναῖσι
951 1956 1105 2024 χερσὶ
1129 1958 1227 2025 γῆς
1253 1951 1553 2022 ἀποστελῶ,
1728 1968 1838 2011 1280

423 2039 704 2108 δράσαντα
727 2043 857 2110 τῇδε
882 2037 1017 2109 πρὸς
1041 2039 1201 2108 χάριν
1218 2057 1228 2067 ·
1257 2038 1440 2108 φήμας
1468 2040 1533 2093 δέ
1556 2061 1646 2109 μοι

425 2121 627 2188 ἐσθλὰς
653 2124 896 2194 ἐνεγκῶν
918 2120 972 2194 γ’
1008 2120 1131 2178 ἀντὶ
1155 2130 1249 2193 τῆς
1273 2121 1557 2192 ἀχλαινίας

424 2211 629 2279 ἐσθῆτα
655 2208 816 2280 λήψει
840 2208 962 2264 σῖτά
985 2205 1067 2277 θ’,
1096 2206 1233 2263 ῶστε
1258 2206 1304 2263 σ’
1343 2214 1419 2273 εἰς
1444 2208 1657 2280 πάτραν

424 2297 639 2362 ἐλθεῖν,
667 2297 785 2350 ἐπεὶ
812 2299 919 2349 νῦν
941 2291 995 2363 γ’
1031 2290 1241 2358 ἀθλίως
1273 2289 1466 2364 ἔχονθ’
1508 2291 1636 2364 ὁρῶ.

425 2377 494 2434 σὺ
521 2377 573 2434 δ’
605 2371 646 2434 ῶ
671 2379 924 2479 τάλαινα,
950 2377 1022 2449 μὴ
1051 2376 1132 2434 ’πὶ
1157 2391 1268 2443 τοῖς
1294 2376 1588 2450 ἀνηνύτοις
1726 2393 1834 2435 1285

423 2465 630 2534 τρύχου
654 2485 724 2519 συ
750 2464 987 2535 σαυτήν·
1015 2466 1313 2528 Μενέλεως
1343 2461 1396 2518 δ’
1428 2470 1537 2534 ἔχει
1561 2463 1784 2535 πότμον,

422 2546 561 2604 κούκ
587 2544 656 2604 ἂν
682 2549 911 2605 δύναιτο
937 2554 1033 2620 ζῆν
1058 2546 1085 2604 ὁ
1113 2547 1413 2604 κατθανὼν
1438 2549 1611 2613 πόσις.

177 2639 292 2688 ΜΕ.
424 2632 524 2688 σὸν
549 2640 740 2705 ἔργοι,
768 2626 812 2689 ῶ
837 2641 1021 2690 νεᾶνι·
1049 2632 1146 2689 τὸν
1171 2633 1416 2704 παρόντα
1439 2657 1543 2704 μεν

423 2721 674 2789 στέργειν
699 2719 863 2775 πόσιν
885 2718 1015 2790 χρή,
1041 2718 1138 2774 τὸν
1165 2718 1225 2773 δε
1250 2715 1439 2789 μηκέτ
1473 2716 1591 2774 ὄντ’
1627 2721 1746 2774 ἐᾶν·

423 2799 618 2873 ἄριστα
644 2801 749 2875 γάρ
776 2822 863 2859 σοι
888 2809 1058 2860 ταῦτα
1083 2802 1220 2875 πρὸς
1245 2802 1303 2858 τὸ
1329 2803 1620 2874 τυγχάνον.
1725 2816 1835 2859 1290

423 2883 493 2958 ἢν
518 2893 549 2943 δ
558 2886 570 2906 '
593 2885 805 2944 Ἑλλάδ’
835 2894 985 2946 ἔλθω
1010 2890 1101 2945 καὶ
1126 2889 1272 2959 τύχω
1296 2895 1584 2960 σωτηρίας,
