2022 3126
106 1531 218 1582 ΕΛ.

802 115 1058 163 EAENH

303 280 383 322 τις
408 262 600 328 ἔλαχεν
624 261 833 326 ἔλαχεν,
859 251 951 309 ὅτε
975 271 1038 310 σε
1062 257 1248 311 τέκετο
1272 254 1555 330 ματρόθεν

303 340 447 407 Ζεὺς
470 343 697 415 πρέπων
722 336 789 394 δι’
817 340 1046 412 αἰθέρος

299 426 597 498 χιονόχρως
620 424 833 480 κύκνου
858 429 1067 499 πτερῷ·

303 517 362 566 τί
378 510 484 583 γὰρ
510 508 709 565 ἄπεστί
726 526 813 564 σοι
838 513 1055 576 κακῶνς

298 602 422 651 τίνα
446 596 508 651 δὲ
530 601 720 666 βίοτον
744 590 848 649 οὐκ
874 598 1056 656 ἔτλας;

299 677 475 751 μάτηρ
500 679 601 751 μὲν
625 687 855 749 οἴχεται,

297 764 505 836 δίδυμά
529 786 588 819 τε
610 762 747 828 Διὸς

302 846 405 904 οὐκ
431 847 754 920 εὐδαιμονεῖ
772 848 930 902 τέκεα
959 850 1112 918 φίλα,

301 934 481 1004 χθόνα
506 934 568 989 δὲ
591 933 824 1005 πάτριον
847 929 948 1003 οὐχ
971 928 1121 1005 ὁρᾷς,

299 1017 392 1074 διὰ
416 1019 478 1074 δὲ
500 1018 700 1083 πόλεας
724 1023 936 1090 ἔρχεται

298 1102 476 1175 βάξις,
495 1100 537 1158 ἅ
560 1120 621 1159 σε
645 1102 976 1175 βαρβάροισι

296 1190 500 1258 λέχεσι,
527 1185 753 1258 πότνια,
780 1191 1183 1259 παραδίδωσιν,

300 1270 329 1328 ὁ
357 1274 419 1329 δὲ
443 1271 538 1337 σός
561 1275 621 1328 ἐν
645 1271 736 1328 ἁλὶ
758 1272 969 1343 κύμασί
987 1294 1045 1327 τε
1069 1274 1287 1327 λέλοιπε
1311 1276 1519 1343 βίοτον,

296 1355 433 1413 οὐδέ
452 1353 566 1413 ποτ’
596 1364 675 1413 ἔτι
701 1358 903 1428 πάτρια
927 1359 1180 1430 μέλαθρα

299 1444 391 1498 καὶ
415 1441 518 1498 τὰν
539 1448 875 1498 Χαλκίοικον
901 1439 1119 1512 ὀλβιεῖς.

297 1533 407 1599 φεῦ
435 1533 574 1598 φεῦ,
599 1533 681 1592 τίς
704 1523 739 1598 ἦ
764 1531 1009 1597 Φρυγῶν

295 1607 331 1683 ἦ
357 1617 437 1676 τίς
453 1609 737 1677 Ἑλλανίας
760 1609 866 1666 άπὸ
890 1610 1095 1681 χθονὸς

297 1702 451 1767 ἔτεμε
476 1695 578 1752 τάν
603 1696 985 1770 δακρυόεσσαν
1003 1694 1141 1771 Ἰλίῳ

298 1781 541 1848 πεύκαν;
570 1787 740 1837 ἔνθεν
765 1779 1037 1851 ὀλόμενον

296 1866 508 1938 σκάφος
538 1866 889 1938 συναρμόσας

296 1948 324 2006 ὁ
348 1955 663 2023 Πριαμίδας
688 1957 922 2007 ἔπλευσε
944 1950 1208 2026 βαρβάρῳ
1232 1949 1409 2023 πλάτα

296 2033 398 2091 τὰν
424 2035 561 2107 ἐμὰν
586 2033 665 2107 ἐφ’
695 2039 897 2105 ἑστίαν,

301 2123 390 2176 ἐπὶ
412 2120 474 2176 τὸ
501 2122 766 2193 δυστυχὲς

296 2204 524 2277 κάλλος,
553 2203 625 2271 ὡς
651 2209 764 2262 ἕλοι
787 2205 965 2278 γάμον
990 2204 1137 2276 ἐμόν.

299 2287 332 2357 ἁ
357 2290 418 2345 δὲ
444 2290 626 2356 δόλιος
651 2288 685 2346 ἁ
709 2294 1050 2354 πολυκτόνος
1074 2289 1294 2363 Κύπρις

297 2380 607 2459 ,ζαναΐδαις
634 2373 847 2447 ἄγουσα
871 2375 1121 2430 θάνατον
1146 2378 1483 2447 Πριαμίδαις
1509 2396 1583 2430 τε.

299 2460 340 2514 ὦ
366 2460 597 2516 τάλαινα
624 2466 930 2533 συμφορᾶς.

295 2541 331 2598 οἳ
356 2544 417 2600 δὲ
439 2549 691 2617 χρυσέοις
713 2545 945 2618 θρόνοις

295 2627 434 2693 Διὸς
458 2627 847 2702 ὑπαγκάλισμα
871 2629 1076 2701 σεμνὸν
1086 2625 1228 2700 ’Ήρα

298 2712 397 2768 τὸν
421 2711 690 2771 ὠκύπουν
715 2723 923 2787 ἔπεμψε
947 2714 1204 2778 Μαιάδος
1227 2713 1415 2786 γόνον,

301 2795 359 2863 ὅς
384 2821 450 2868 με
473 2798 673 2871 χλοερὰ
698 2802 1046 2873 δρεπομέναν
1072 2805 1176 2855 ἔσω
1201 2801 1425 2857 πέπλων
1508 2872 1511 2875 η

301 2882 466 2953 ῥόδεα
493 2885 724 2955 πέταλα,
749 2891 1069 2955 χαλκίοικον
1101 2881 1173 2949 ὡς
1192 2881 1436 2940 ’Λθάναν

1668 112 1762 162 191
1793 105 1795 108 ⁴

1684 354 1766 395 215

1658 789 1662 791 ·
1685 779 1769 821 220

1684 1201 1766 1242 225

1684 1625 1768 1668 230

1685 2473 1768 2515 240

1688 2896 1768 2939 245
