2022 3126
161 2098 268 2147 XO.

158 2269 270 2316 AA.

775 88 1214 134 ΗΡΑΚΛΕΙΔΛΙ

326 230 528 297 Ἰόλαος
553 235 788 302 ἐμβῆσαί
809 251 899 283 νιν
925 232 1144 283 ἵππειον
1169 232 1391 299 δίφρον.

334 316 520 389 λαβών
546 315 607 371 δὲ
627 315 817 385 χερσὶν
840 310 998 383 ἡνίας
1022 309 1366 381 Εὐρυσθέως

336 402 538 464 πω’λοις
562 403 756 469 ἐπεῖχε,
784 394 920 452 τάπὸ
947 394 1105 451 τοῦδ’
1134 394 1238 467 ἤδη
1263 395 1450 451 κλύων

334 482 544 557 λέγοιμ’
575 480 644 539 ἂν
668 480 880 551 ἄλλων,
909 485 1076 552 δεῦρο
1103 478 1154 535 δ’
1184 478 1349 545 αὐτὸς
1375 479 1614 535 εἰσιδών.

331 573 679 640 Παλληνίδος
702 564 807 638 γὰρ
833 564 1038 637 σεμνὸν
1063 567 1311 635 ἐκπερῶν
1337 564 1513 635 πάγον

334 659 454 719 δίας
481 651 746 722 Ἀθάνας,
773 648 901 721 ἅρμ’
932 648 1068 705 ἰδών
1093 647 1455 719 Εὐρυσθέως,

332 735 571 809 ἠράσαθ’
586 734 730 809 Ἵ-Ιβῃ
754 741 898 805 Ζηνί
924 732 1010 804 θ’,
1035 731 1243 804 ἡμέραν
1266 740 1397 804 μίαν

335 825 458 887 νέος
482 823 745 894 γενέσθαι
770 817 1175 875 κᾶποτίσασθαι
1202 822 1363 888 δίκην

338 907 592 978 ἐχθρούς.
620 905 813 961 κλύειν
841 902 908 974 δὴ
935 903 1219 974 θαύματος
1250 902 1482 973 πάρεστί
1504 919 1604 955 σοι.

336 990 504 1047 δισσώ
531 989 635 1062 γὰρ
664 985 847 1060 ἀστέρ’
879 992 1120 1051 ἱππικοῖς
1145 988 1233 1042 ἐπὶ
1259 993 1439 1057 ζυγοῖς

336 1073 591 1131 σωθέντ’
621 1081 870 1144 ἔκρυψαν
895 1069 1039 1143 ἅρμα
1068 1077 1276 1144 λυγαίςο
1300 1073 1485 1140 νέφει·

333 1158 433 1216 σὸν
460 1158 526 1231 δὴ
553 1161 774 1230 λέγουσι
798 1158 966 1213 παῖδά
997 1154 1049 1225 γ’
1081 1160 1137 1211 οἱ
1156 1155 1464 1226 σοφώτεροι

326 1241 502 1316 ’Ήβην
529 1242 610 1299 θ”
639 1242 667 1300 ὃ
693 1240 745 1299 δ’
775 1240 986 1313 ὄρφνης
1011 1245 1068 1296 ἐκ
1095 1245 1430 1312 δυσαιθρίου
1454 1239 1596 1293 νέων

338 1329 650 1401 βραχιόνων
675 1331 880 1394 ἔδειξεν
903 1323 1114 1397 ἡβητὴν
1139 1324 1330 1379 τύπον.

337 1418 482 1484 αἱρεῖ
506 1411 556 1468 δ’
587 1411 614 1468 ὁ
640 1411 855 1476 κλεινὸς
877 1408 1083 1474 Ἰόλεως
1107 1406 1449 1481 Εὐρυσθέως

336 1500 608 1568 τέτρωρον
632 1494 776 1568 ἅρμα
804 1494 940 1566 πρὸς
965 1496 1186 1562 πέτραις
1209 1497 1561 1563 Σκειρωνίσι.

338 1588 556 1654 δεσμοῖς
583 1605 639 1637 τε
668 1579 837 1652 δήσας
859 1593 1041 1651 χεῖρας
1067 1576 1395 1649 ἀκροθίνιον

336 1668 628 1723 κάλλιστον
655 1663 775 1737 ἥκει
797 1664 894 1719 τὸν
921 1662 1295 1734 στρατηλάτην
1323 1659 1474 1731 ἄγων

340 1752 437 1808 τὸν
462 1749 654 1823 ὄλβιον
678 1750 942 1822 πάροιθε·
970 1754 1034 1820 τῇ
1060 1749 1120 1803 δὲ
1145 1753 1252 1802 νῦν
1276 1746 1412 1818 τύχῃ

338 1844 554 1909 βροτοῖς
579 1833 748 1890 ἅπασι
770 1831 990 1904 λαμπρὰ
1013 1832 1278 1903 κηρύσσει
1304 1839 1524 1902 μαθεῖν,

343 1921 440 1977 τὸν
467 1918 718 1990 εὐτυχεῖν
744 1924 1016 1974 δοκοῦντα
1039 1915 1111 1988 μὴ
1138 1921 1364 1987 ζηλοῦν,
1393 1916 1525 1986 πρὶν
1551 1909 1618 1968 ἂν

341 2003 570 2063 θανοντ’
599 2010 690 2077 ἴδῃ
713 2021 818 2069 τις·
850 1999 922 2067 ὡς
947 2002 1212 2073 ἐφήμεροι
1235 2001 1409 2071 τύχαι.

340 2084 384 2146 οἶ
406 2096 517 2146 Ζεῦ
541 2102 795 2161 τροπαῖε,
820 2094 928 2142 νῦν
953 2089 1072 2158 ἐμοὶ
1098 2091 1288 2141 δεινοῦ
1311 2085 1492 2156 φόβου

342 2175 644 2247 ἐλεύθερον
672 2174 936 2246 πάρεστιν
959 2165 1104 2243 ἦμαρ
1129 2174 1370 2226 εἰσιδεῖν.

342 2252 386 2324 ὦ
409 2265 548 2328 Ζεῦ,
576 2258 755 2332 χρόνῳ
781 2257 880 2328 μὲν
903 2253 1028 2327 τᾶμ’
1058 2257 1339 2320 ἐπεσκέψω
1367 2253 1524 2323 κακά,

342 2344 503 2415 χάριν
530 2341 581 2398 δ’
612 2341 756 2414 ὅμως
781 2360 868 2397 σοι
890 2347 1001 2396 τῶν
1025 2341 1428 2410 πεπραγμένων
1455 2345 1556 2410 ἔχω
1572 2356 1583 2366 ·

348 2430 441 2483 καὶ
466 2433 634 2484 παῖδα
657 2425 754 2482 τὸν
780 2424 912 2497 ἐμὸν
934 2425 1184 2494 πρόσθεν
1208 2420 1275 2479 οὐ
1302 2420 1529 2478 δοκοῦσ’
1559 2419 1665 2493 ἐγω

346 2522 498 2578 θεοῖς
524 2510 735 2583 ὁμιλεῖν
758 2516 866 2565 νῦν
891 2513 1177 2580 ἐπίσταμαι
1200 2514 1406 2579 σαφῶς.

350 2621 391 2652 ω
417 2599 606 2667 τέκνα,
631 2602 739 2653 νῦν
764 2595 831 2665 δὴ
857 2601 966 2650 νῦν
990 2593 1279 2665 ἐλεύθεροι
1302 2592 1509 2662 πόνων,

350 2681 637 2753 ἐλεύθεροι
662 2682 723 2737 δε
745 2685 845 2736 τοῦ
869 2701 1049 2742 κακως
1074 2676 1383 2749 ὀλουμένου

350 2763 691 2838 Εὐρυσθέως
716 2772 910 2821 ἔσεσθε
933 2765 1025 2818 καὶ
1047 2762 1209 2818 πόλιν
1234 2760 1438 2834 πατρὸς

353 2848 591 2920 ὄψεσθε,
618 2849 854 2921 κλήρους
880 2845 934 2903 δ’
967 2849 1324 2916 ἐμβατεῦσετε
1348 2842 1551 2916 χθονὸς

1697 86 1797 135 315

1715 239 1798 282 845

1708 660 1794 703 850

1713 1080 1797 1124 855

1714 1503 1799 1547 860

1720 1923 1801 1967 860

1721 2346 1805 2391 870
