<?xml version="1.0" encoding="UTF-8"?>
<!DOCTYPE html PUBLIC "-//W3C//DTD XHTML 1.0 Transitional//EN"
    "http://www.w3.org/TR/xhtml1/DTD/xhtml1-transitional.dtd">
<html xmlns="http://www.w3.org/1999/xhtml" xml:lang="en" lang="en">
 <head>
  <title>
</title>
<meta http-equiv="Content-Type" content="text/html;charset=utf-8" />
  <meta name='ocr-system' content='tesseract 3.04.00' />
  <meta name='ocr-capabilities' content='ocr_page ocr_carea ocr_par ocr_line ocrx_word'/>
</head>
<body>
  <div class='ocr_page' id='page_1' title='image "./euripidistragoe01euriuoft_0392.png"; bbox 0 0 2022 3126; ppageno 0'>
   <div class='ocr_carea' id='block_1_1' title="bbox 237 84 339 136">
    <p class='ocr_par' dir='ltr' id='par_1_1' title="bbox 237 84 339 136">
     <span class='ocr_line' id='line_1_1' title="bbox 237 84 339 136; baseline -0.01 0"><span class='ocrx_word' id='word_1_1' title='bbox 237 84 339 136; x_wconf 79' lang='lat'><em>292</em></span> 
     </span>
    </p>
   </div>
   <div class='ocr_carea' id='block_1_2' title="bbox 247 236 356 283">
    <p class='ocr_par' dir='ltr' id='par_1_2' title="bbox 247 236 356 283">
     <span class='ocr_line' id='line_1_2' title="bbox 247 236 356 283; baseline -0.009 0"><span class='ocrx_word' id='word_1_2' title='bbox 247 236 356 283; x_wconf 81' lang='grc' dir='ltr'><em>ΚΟ.</em></span> 
     </span>
    </p>
   </div>
   <div class='ocr_carea' id='block_1_3' title="bbox 238 406 352 454">
    <p class='ocr_par' dir='ltr' id='par_1_3' title="bbox 238 406 352 454">
     <span class='ocr_line' id='line_1_3' title="bbox 238 406 352 454; baseline -0.018 0"><span class='ocrx_word' id='word_1_3' title='bbox 238 406 352 454; x_wconf 88' lang='grc' dir='ltr'><em>ΧΟ.</em></span> 
     </span>
    </p>
   </div>
   <div class='ocr_carea' id='block_1_4' title="bbox 237 575 361 623">
    <p class='ocr_par' dir='ltr' id='par_1_4' title="bbox 237 575 361 623">
     <span class='ocr_line' id='line_1_4' title="bbox 237 575 361 623; baseline -0.008 0"><span class='ocrx_word' id='word_1_4' title='bbox 237 575 361 623; x_wconf 89' lang='grc' dir='ltr'><em>ΛΗ.</em></span> 
     </span>
    </p>
   </div>
   <div class='ocr_carea' id='block_1_5' title="bbox 237 830 351 879">
    <p class='ocr_par' dir='ltr' id='par_1_5' title="bbox 237 830 351 879">
     <span class='ocr_line' id='line_1_5' title="bbox 237 830 351 879; baseline -0.018 0"><span class='ocrx_word' id='word_1_5' title='bbox 237 830 351 879; x_wconf 85' lang='grc' dir='ltr'><em>ΧΟ.</em></span> 
     </span>
    </p>
   </div>
   <div class='ocr_carea' id='block_1_6' title="bbox 235 1085 360 1134">
    <p class='ocr_par' dir='ltr' id='par_1_6' title="bbox 235 1085 360 1134">
     <span class='ocr_line' id='line_1_6' title="bbox 235 1085 360 1134; baseline -0.016 0"><span class='ocrx_word' id='word_1_6' title='bbox 235 1085 360 1134; x_wconf 90' lang='grc' dir='ltr'><em>ΔΗ.</em></span> 
     </span>
    </p>
   </div>
   <div class='ocr_carea' id='block_1_7' title="bbox 239 1171 350 1218">
    <p class='ocr_par' dir='ltr' id='par_1_7' title="bbox 239 1171 350 1218">
     <span class='ocr_line' id='line_1_7' title="bbox 239 1171 350 1218; baseline -0.009 0"><span class='ocrx_word' id='word_1_7' title='bbox 239 1171 350 1218; x_wconf 89' lang='lat' dir='ltr'><em>XO.</em></span> 
     </span>
    </p>
   </div>
   <div class='ocr_carea' id='block_1_8' title="bbox 239 1426 359 1473">
    <p class='ocr_par' dir='ltr' id='par_1_8' title="bbox 239 1426 359 1473">
     <span class='ocr_line' id='line_1_8' title="bbox 239 1426 359 1473; baseline -0.017 0"><span class='ocrx_word' id='word_1_8' title='bbox 239 1426 359 1473; x_wconf 87' lang='grc' dir='ltr'><em>ΔΗ.</em></span> 
     </span>
    </p>
   </div>
   <div class='ocr_carea' id='block_1_9' title="bbox 241 1764 354 1813">
    <p class='ocr_par' dir='ltr' id='par_1_9' title="bbox 241 1764 354 1813">
     <span class='ocr_line' id='line_1_9' title="bbox 241 1764 354 1813; baseline 0 0"><span class='ocrx_word' id='word_1_9' title='bbox 241 1764 354 1813; x_wconf 78' lang='grc' dir='ltr'><em>ΚΟ.</em></span> 
     </span>
    </p>
   </div>
   <div class='ocr_carea' id='block_1_10' title="bbox 847 88 1298 134">
    <p class='ocr_par' dir='ltr' id='par_1_10' title="bbox 847 88 1298 134">
     <span class='ocr_line' id='line_1_10' title="bbox 847 88 1298 134; baseline 0.002 -1"><span class='ocrx_word' id='word_1_10' title='bbox 847 88 1298 134; x_wconf 85' lang='grc' dir='ltr'><em>ΗΡΑΚΛΕΙΔΑΙ</em></span> 
     </span>
    </p>
   </div>
   <div class='ocr_carea' id='block_1_11' title="bbox 421 224 1906 2940">
    <p class='ocr_par' dir='ltr' id='par_1_11' title="bbox 429 224 1647 304">
     <span class='ocr_line' id='line_1_11' title="bbox 429 224 1647 304; baseline 0.006 -21"><span class='ocrx_word' id='word_1_11' title='bbox 429 225 568 296; x_wconf 80' lang='grc' dir='ltr'><em>πρὸς</em></span> <span class='ocrx_word' id='word_1_12' title='bbox 591 235 788 284; x_wconf 84' lang='grc' dir='ltr'><em>τοῦτον</em></span> <span class='ocrx_word' id='word_1_13' title='bbox 820 227 972 299; x_wconf 73' lang='grc' dir='ltr'><em>ἁγών</em></span> <span class='ocrx_word' id='word_1_14' title='bbox 1006 224 1111 300; x_wconf 75' lang='grc' dir='ltr'><em>ἆρα</em></span> <span class='ocrx_word' id='word_1_15' title='bbox 1142 236 1309 286; x_wconf 83' lang='grc' dir='ltr'><em>τοῦδε</em></span> <span class='ocrx_word' id='word_1_16' title='bbox 1342 239 1445 287; x_wconf 82' lang='grc' dir='ltr'><em>τοῦ</em></span> <span class='ocrx_word' id='word_1_17' title='bbox 1476 235 1647 304; x_wconf 90' lang='grc' dir='ltr'><em>λόγου</em></span> 
     </span>
    </p>

    <p class='ocr_par' dir='ltr' id='par_1_12' title="bbox 428 309 1615 384">
     <span class='ocr_line' id='line_1_12' title="bbox 428 309 1615 384; baseline 0.002 -17"><span class='ocrx_word' id='word_1_18' title='bbox 428 310 644 383; x_wconf 78' lang='grc' dir='ltr'><em>μάλιστ’</em></span> <span class='ocrx_word' id='word_1_19' title='bbox 675 309 745 368; x_wconf 73' lang='grc' dir='ltr'><em>ἂν</em></span> <span class='ocrx_word' id='word_1_20' title='bbox 770 321 853 384; x_wconf 83' lang='grc' dir='ltr'><em>εἴη</em></span> <span class='ocrx_word' id='word_1_21' title='bbox 871 331 881 341; x_wconf 91' lang='grc'><em>·</em></span> <span class='ocrx_word' id='word_1_22' title='bbox 907 309 1077 367; x_wconf 67' lang='grc' dir='ltr'><em>τᾶλλα</em></span> <span class='ocrx_word' id='word_1_23' title='bbox 1103 309 1156 367; x_wconf 86' lang='grc' dir='ltr'><em>δ’</em></span> <span class='ocrx_word' id='word_1_24' title='bbox 1186 320 1397 384; x_wconf 78' lang='grc' dir='ltr'><em>εἴρηται</em></span> <span class='ocrx_word' id='word_1_25' title='bbox 1422 313 1615 384; x_wconf 80' lang='grc' dir='ltr'><em>μάτην.</em></span> 
     </span>
    </p>

    <p class='ocr_par' dir='ltr' id='par_1_13' title="bbox 426 395 1641 469">
     <span class='ocr_line' id='line_1_13' title="bbox 426 395 1641 469; baseline 0.002 -17"><span class='ocrx_word' id='word_1_26' title='bbox 426 399 518 452; x_wconf 83' lang='grc' dir='ltr'><em>καὶ</em></span> <span class='ocrx_word' id='word_1_27' title='bbox 541 397 651 469; x_wconf 85' lang='grc' dir='ltr'><em>μὴν</em></span> <span class='ocrx_word' id='word_1_28' title='bbox 677 395 763 453; x_wconf 78' lang='grc' dir='ltr'><em>ὅδ’</em></span> <span class='ocrx_word' id='word_1_29' title='bbox 792 395 957 463; x_wconf 81' lang='grc' dir='ltr'><em>αὐτὸς</em></span> <span class='ocrx_word' id='word_1_30' title='bbox 983 404 1194 468; x_wconf 82' lang='grc' dir='ltr'><em>ἔρχεται</em></span> <span class='ocrx_word' id='word_1_31' title='bbox 1221 397 1475 469; x_wconf 87' lang='grc' dir='ltr'><em>σπουδὴν</em></span> <span class='ocrx_word' id='word_1_32' title='bbox 1501 404 1641 469; x_wconf 76' lang='grc' dir='ltr'><em>ἔχων</em></span> 
     </span>
    </p>

    <p class='ocr_par' dir='ltr' id='par_1_14' title="bbox 421 479 1903 725">
     <span class='ocr_line' id='line_1_14' title="bbox 421 479 1711 556; baseline 0.003 -19"><span class='ocrx_word' id='word_1_33' title='bbox 421 479 654 554; x_wconf 80' lang='grc' dir='ltr'><em>Ἀκάμας</em></span> <span class='ocrx_word' id='word_1_34' title='bbox 685 481 733 537; x_wconf 83' lang='grc' dir='ltr'><em>τ’</em></span> <span class='ocrx_word' id='word_1_35' title='bbox 764 480 1032 554; x_wconf 76' lang='grc' dir='ltr'><em>ἀδελφός,</em></span> <span class='ocrx_word' id='word_1_36' title='bbox 1060 481 1229 538; x_wconf 80' lang='grc' dir='ltr'><em>τῶνδ’</em></span> <span class='ocrx_word' id='word_1_37' title='bbox 1261 483 1488 554; x_wconf 82' lang='grc' dir='ltr'><em>ἐπήκοοι</em></span> <span class='ocrx_word' id='word_1_38' title='bbox 1512 483 1711 556; x_wconf 87' lang='grc' dir='ltr'><em>λόγων.</em></span> 
     </span>
     <span class='ocr_line' id='line_1_15' title="bbox 425 564 1903 640; baseline 0.003 -18"><span class='ocrx_word' id='word_1_39' title='bbox 425 571 650 639; x_wconf 87' lang='grc' dir='ltr'><em>ἐπείπερ</em></span> <span class='ocrx_word' id='word_1_40' title='bbox 677 574 858 640; x_wconf 81' lang='grc' dir='ltr'><em>ἔφθης</em></span> <span class='ocrx_word' id='word_1_41' title='bbox 884 570 1128 639; x_wconf 75' lang='grc' dir='ltr'><em>πρέσβυς</em></span> <span class='ocrx_word' id='word_1_42' title='bbox 1153 564 1232 623; x_wconf 73' lang='grc' dir='ltr'><em>ῶν</em></span> <span class='ocrx_word' id='word_1_43' title='bbox 1255 571 1564 640; x_wconf 77' lang='grc' dir='ltr'><strong><em>νεωτέρους</em></strong></span> <span class='ocrx_word' id='word_1_44' title='bbox 1823 587 1903 627; x_wconf 76' lang='lat'><em>120</em></span> 
     </span>
     <span class='ocr_line' id='line_1_16' title="bbox 425 649 1562 725; baseline 0.002 -18"><span class='ocrx_word' id='word_1_45' title='bbox 425 653 813 725; x_wconf 83' lang='grc' dir='ltr'><em>βοηδρομήσας</em></span> <span class='ocrx_word' id='word_1_46' title='bbox 839 649 996 724; x_wconf 77' lang='grc' dir='ltr'><em>τήνδ’</em></span> <span class='ocrx_word' id='word_1_47' title='bbox 1027 650 1113 708; x_wconf 77' lang='grc' dir='ltr'><em>ἐπ’</em></span> <span class='ocrx_word' id='word_1_48' title='bbox 1144 653 1380 725; x_wconf 88' lang='grc' dir='ltr'><em>ἐσχάραν</em></span> <span class='ocrx_word' id='word_1_49' title='bbox 1405 654 1562 723; x_wconf 86' lang='grc' dir='ltr'><em>Διός,</em></span> 
     </span>
    </p>

    <p class='ocr_par' dir='ltr' id='par_1_15' title="bbox 426 735 1621 810">
     <span class='ocr_line' id='line_1_17' title="bbox 426 735 1621 810; baseline 0.003 -18"><span class='ocrx_word' id='word_1_50' title='bbox 426 740 611 809; x_wconf 82' lang='grc' dir='ltr'><em>λέξον,</em></span> <span class='ocrx_word' id='word_1_51' title='bbox 641 745 722 804; x_wconf 91' lang='grc' dir='ltr'><em>τίς</em></span> <span class='ocrx_word' id='word_1_52' title='bbox 746 736 910 809; x_wconf 73' lang='grc' dir='ltr'><em>ὄχλον</em></span> <span class='ocrx_word' id='word_1_53' title='bbox 936 735 1088 793; x_wconf 76' lang='grc' dir='ltr'><em>τόνδ’</em></span> <span class='ocrx_word' id='word_1_54' title='bbox 1118 735 1432 809; x_wconf 74' lang='grc' dir='ltr'><em>ἀθροίζεται</em></span> <span class='ocrx_word' id='word_1_55' title='bbox 1458 739 1621 810; x_wconf 81' lang='grc' dir='ltr'><em>τύχη;</em></span> 
     </span>
    </p>

    <p class='ocr_par' dir='ltr' id='par_1_16' title="bbox 424 821 1608 895">
     <span class='ocr_line' id='line_1_18' title="bbox 424 821 1608 895; baseline 0.002 -17"><span class='ocrx_word' id='word_1_56' title='bbox 424 826 596 879; x_wconf 80' lang='grc' dir='ltr'><em>ἱκέται</em></span> <span class='ocrx_word' id='word_1_57' title='bbox 620 824 896 895; x_wconf 80' lang='grc' dir='ltr'><em>κάθηνται</em></span> <span class='ocrx_word' id='word_1_58' title='bbox 922 828 1114 888; x_wconf 89' lang='grc' dir='ltr'><em>παῖδες</em></span> <span class='ocrx_word' id='word_1_59' title='bbox 1139 821 1246 878; x_wconf 74' lang='grc' dir='ltr'><em>οἵδ’</em></span> <span class='ocrx_word' id='word_1_60' title='bbox 1275 821 1608 894; x_wconf 78' lang='grc' dir='ltr'><strong><em>Ἡρακλέους</em></strong></span> 
     </span>
    </p>

    <p class='ocr_par' dir='ltr' id='par_1_17' title="bbox 425 905 1539 983">
     <span class='ocr_line' id='line_1_19' title="bbox 425 905 1539 983; baseline 0 -19"><span class='ocrx_word' id='word_1_61' title='bbox 425 907 616 980; x_wconf 87' lang='grc' dir='ltr'><em>βωμὸν</em></span> <span class='ocrx_word' id='word_1_62' title='bbox 640 911 1075 974; x_wconf 73' lang='grc' dir='ltr'><em>καταστέψαντες</em></span> <span class='ocrx_word' id='word_1_63' title='bbox 1101 905 1173 974; x_wconf 80' lang='grc' dir='ltr'><em>ῶς</em></span> <span class='ocrx_word' id='word_1_64' title='bbox 1198 905 1358 983; x_wconf 79' lang='grc' dir='ltr'><em>ὁρᾷς,</em></span> <span class='ocrx_word' id='word_1_65' title='bbox 1386 907 1539 978; x_wconf 74' lang='grc' dir='ltr'><em>ἅναξ,</em></span> 
     </span>
    </p>

    <p class='ocr_par' dir='ltr' id='par_1_18' title="bbox 423 991 1903 1152">
     <span class='ocr_line' id='line_1_20' title="bbox 427 991 1903 1066; baseline 0.002 -17"><span class='ocrx_word' id='word_1_66' title='bbox 427 994 632 1064; x_wconf 90' lang='grc' dir='ltr'><em>πατρός</em></span> <span class='ocrx_word' id='word_1_67' title='bbox 656 1018 714 1050; x_wconf 88' lang='grc' dir='ltr'><em>τε</em></span> <span class='ocrx_word' id='word_1_68' title='bbox 738 993 928 1059; x_wconf 85' lang='grc' dir='ltr'><em>πιστὸς</em></span> <span class='ocrx_word' id='word_1_69' title='bbox 947 991 1153 1059; x_wconf 84' lang='grc' dir='ltr'><em>Ἰόλεως</em></span> <span class='ocrx_word' id='word_1_70' title='bbox 1181 995 1544 1066; x_wconf 73' lang='grc' dir='ltr'><em>παραστάτης.</em></span> <span class='ocrx_word' id='word_1_71' title='bbox 1826 1010 1903 1052; x_wconf 79' lang='lat'><em>125</em></span> 
     </span>
     <span class='ocr_line' id='line_1_21' title="bbox 423 1076 1522 1152; baseline 0.001 -18"><span class='ocrx_word' id='word_1_72' title='bbox 423 1086 480 1134; x_wconf 92' lang='grc' dir='ltr'><em>τί</em></span> <span class='ocrx_word' id='word_1_73' title='bbox 505 1077 626 1149; x_wconf 80' lang='grc' dir='ltr'><em>δῆτ’</em></span> <span class='ocrx_word' id='word_1_74' title='bbox 658 1085 874 1151; x_wconf 85' lang='grc' dir='ltr'><em>ἰυγμῶν</em></span> <span class='ocrx_word' id='word_1_75' title='bbox 898 1076 993 1150; x_wconf 77' lang='grc' dir='ltr'><em>ἥδ’</em></span> <span class='ocrx_word' id='word_1_76' title='bbox 1023 1083 1196 1135; x_wconf 90' lang='grc' dir='ltr'><em>ἐδεῖτο</em></span> <span class='ocrx_word' id='word_1_77' title='bbox 1227 1080 1522 1152; x_wconf 73' lang='grc' dir='ltr'><em>συμφοράς</em></span> 
     </span>
    </p>

    <p class='ocr_par' dir='ltr' id='par_1_19' title="bbox 421 1158 1565 1238">
     <span class='ocr_line' id='line_1_22' title="bbox 421 1158 1565 1238; baseline 0 -18"><span class='ocrx_word' id='word_1_78' title='bbox 421 1171 517 1238; x_wconf 79' lang='grc' dir='ltr'><em>βία</em></span> <span class='ocrx_word' id='word_1_79' title='bbox 540 1188 631 1220; x_wconf 91' lang='grc' dir='ltr'><em>νιν</em></span> <span class='ocrx_word' id='word_1_80' title='bbox 658 1158 818 1229; x_wconf 76' lang='grc' dir='ltr'><em>οὗτος</em></span> <span class='ocrx_word' id='word_1_81' title='bbox 843 1162 999 1235; x_wconf 80' lang='grc' dir='ltr'><em>τῆσδ’</em></span> <span class='ocrx_word' id='word_1_82' title='bbox 1029 1162 1124 1220; x_wconf 75' lang='grc' dir='ltr'><em>ἀπ’</em></span> <span class='ocrx_word' id='word_1_83' title='bbox 1155 1164 1384 1235; x_wconf 78' lang='grc' dir='ltr'><em>ἐσχάρας</em></span> <span class='ocrx_word' id='word_1_84' title='bbox 1407 1163 1565 1236; x_wconf 75' lang='grc' dir='ltr'><em>ἄγειν</em></span> 
     </span>
    </p>

    <p class='ocr_par' dir='ltr' id='par_1_20' title="bbox 424 1247 1450 1322">
     <span class='ocr_line' id='line_1_23' title="bbox 424 1247 1450 1322; baseline 0.002 -18"><span class='ocrx_word' id='word_1_85' title='bbox 424 1255 600 1321; x_wconf 84' lang='grc' dir='ltr'><em>ζητῶν</em></span> <span class='ocrx_word' id='word_1_86' title='bbox 623 1249 761 1322; x_wconf 81' lang='grc' dir='ltr'><em>βοὴν</em></span> <span class='ocrx_word' id='word_1_87' title='bbox 787 1257 976 1321; x_wconf 81' lang='grc' dir='ltr'><em>ἔστησε</em></span> <span class='ocrx_word' id='word_1_88' title='bbox 1000 1247 1285 1321; x_wconf 69' lang='grc' dir='ltr'><em>κᾶσφηλεν</em></span> <span class='ocrx_word' id='word_1_89' title='bbox 1310 1250 1450 1320; x_wconf 91' lang='grc' dir='ltr'><em>γόνυ</em></span> 
     </span>
    </p>

    <p class='ocr_par' dir='ltr' id='par_1_21' title="bbox 424 1332 1651 1410">
     <span class='ocr_line' id='line_1_24' title="bbox 424 1332 1651 1410; baseline -0.001 -20"><span class='ocrx_word' id='word_1_90' title='bbox 424 1338 709 1406; x_wconf 86' lang='grc' dir='ltr'><em>γέροντος,</em></span> <span class='ocrx_word' id='word_1_91' title='bbox 738 1332 876 1391; x_wconf 73' lang='grc' dir='ltr'><em>ὥστε</em></span> <span class='ocrx_word' id='word_1_92' title='bbox 899 1332 957 1406; x_wconf 79' lang='grc' dir='ltr'><em>μ’</em></span> <span class='ocrx_word' id='word_1_93' title='bbox 987 1337 1241 1407; x_wconf 79' lang='grc' dir='ltr'><em>ἐκβαλεῖν</em></span> <span class='ocrx_word' id='word_1_94' title='bbox 1267 1344 1430 1410; x_wconf 77' lang='grc' dir='ltr'><em>οἴκτῳ</em></span> <span class='ocrx_word' id='word_1_95' title='bbox 1456 1336 1651 1406; x_wconf 87' lang='grc' dir='ltr'><em>δάκρυ.</em></span> 
     </span>
    </p>

    <p class='ocr_par' dir='ltr' id='par_1_22' title="bbox 424 1417 1903 1663">
     <span class='ocr_line' id='line_1_25' title="bbox 424 1417 1834 1493; baseline 0.001 -18"><span class='ocrx_word' id='word_1_96' title='bbox 424 1422 515 1477; x_wconf 84' lang='grc' dir='ltr'><em>καὶ</em></span> <span class='ocrx_word' id='word_1_97' title='bbox 539 1420 649 1492; x_wconf 88' lang='grc' dir='ltr'><em>μὴν</em></span> <span class='ocrx_word' id='word_1_98' title='bbox 675 1421 875 1493; x_wconf 84' lang='grc' dir='ltr'><em>στολήν</em></span> <span class='ocrx_word' id='word_1_99' title='bbox 900 1418 954 1491; x_wconf 82' lang='grc' dir='ltr'><em>γ’</em></span> <span class='ocrx_word' id='word_1_100' title='bbox 982 1417 1219 1491; x_wconf 78' lang='grc' dir='ltr'><em>Ἕλληνα</em></span> <span class='ocrx_word' id='word_1_101' title='bbox 1244 1422 1337 1475; x_wconf 82' lang='grc' dir='ltr'><em>καὶ</em></span> <span class='ocrx_word' id='word_1_102' title='bbox 1361 1419 1584 1492; x_wconf 79' lang='grc' dir='ltr'><em>ῥυθμὸν</em></span> <span class='ocrx_word' id='word_1_103' title='bbox 1609 1423 1834 1477; x_wconf 84' lang='grc' dir='ltr'><em>πέπλων</em></span> 
     </span>
     <span class='ocr_line' id='line_1_26' title="bbox 427 1503 1903 1578; baseline 0.001 -17"><span class='ocrx_word' id='word_1_104' title='bbox 427 1512 563 1576; x_wconf 77' lang='grc' dir='ltr'><em>ἔχει,</em></span> <span class='ocrx_word' id='word_1_105' title='bbox 595 1504 659 1561; x_wconf 79' lang='grc' dir='ltr'><em>τὰ</em></span> <span class='ocrx_word' id='word_1_106' title='bbox 688 1503 739 1561; x_wconf 79' lang='grc' dir='ltr'><em>δ’</em></span> <span class='ocrx_word' id='word_1_107' title='bbox 770 1512 903 1577; x_wconf 81' lang='grc' dir='ltr'><em>ἔργα</em></span> <span class='ocrx_word' id='word_1_108' title='bbox 927 1507 1216 1578; x_wconf 87' lang='grc' dir='ltr'><em>βαρβάρου</em></span> <span class='ocrx_word' id='word_1_109' title='bbox 1239 1504 1399 1577; x_wconf 84' lang='grc' dir='ltr'><em>χερὸς</em></span> <span class='ocrx_word' id='word_1_110' title='bbox 1426 1505 1573 1561; x_wconf 90' lang='grc' dir='ltr'><em>τάδε.</em></span> <span class='ocrx_word' id='word_1_111' title='bbox 1826 1520 1903 1562; x_wconf 84' lang='grc'><em>131</em></span> 
     </span>
     <span class='ocr_line' id='line_1_27' title="bbox 425 1587 1686 1663; baseline 0 -17"><span class='ocrx_word' id='word_1_112' title='bbox 425 1590 525 1646; x_wconf 88' lang='grc' dir='ltr'><em>σὸν</em></span> <span class='ocrx_word' id='word_1_113' title='bbox 550 1591 618 1663; x_wconf 88' lang='grc' dir='ltr'><em>δὴ</em></span> <span class='ocrx_word' id='word_1_114' title='bbox 645 1590 702 1647; x_wconf 87' lang='grc' dir='ltr'>τό</span> <span class='ocrx_word' id='word_1_115' title='bbox 731 1592 960 1663; x_wconf 81' lang='grc' dir='ltr'><em>φράζειν</em></span> <span class='ocrx_word' id='word_1_116' title='bbox 986 1594 1101 1648; x_wconf 82' lang='grc' dir='ltr'><em>ἐστὶ</em></span> <span class='ocrx_word' id='word_1_117' title='bbox 1124 1590 1197 1662; x_wconf 88' lang='grc' dir='ltr'><em>μὴ</em></span> <span class='ocrx_word' id='word_1_118' title='bbox 1221 1593 1442 1662; x_wconf 83' lang='grc' dir='ltr'><em>μέλλειν</em></span> <span class='ocrx_word' id='word_1_119' title='bbox 1466 1587 1515 1645; x_wconf 79' lang='grc' dir='ltr'><em>τ’</em></span> <span class='ocrx_word' id='word_1_120' title='bbox 1549 1594 1686 1662; x_wconf 87' lang='grc' dir='ltr'><em>ἐμοί,</em></span> 
     </span>
    </p>

    <p class='ocr_par' dir='ltr' id='par_1_23' title="bbox 428 1673 1555 1749">
     <span class='ocr_line' id='line_1_28' title="bbox 428 1673 1555 1749; baseline -0.001 -17"><span class='ocrx_word' id='word_1_121' title='bbox 428 1683 589 1743; x_wconf 86' lang='grc' dir='ltr'><em>ποίας</em></span> <span class='ocrx_word' id='word_1_122' title='bbox 615 1675 806 1749; x_wconf 75' lang='grc' dir='ltr'><em>ἀφῖξαι</em></span> <span class='ocrx_word' id='word_1_123' title='bbox 835 1682 1003 1748; x_wconf 84' lang='grc' dir='ltr'><em>δεῦρο</em></span> <span class='ocrx_word' id='word_1_124' title='bbox 1034 1684 1133 1748; x_wconf 87' lang='grc' dir='ltr'><em>γῆς</em></span> <span class='ocrx_word' id='word_1_125' title='bbox 1159 1673 1324 1748; x_wconf 78' lang='grc' dir='ltr'><em>ὅρους</em></span> <span class='ocrx_word' id='word_1_126' title='bbox 1348 1676 1555 1742; x_wconf 81' lang='grc' dir='ltr'><em>λιπῶν;</em></span> 
     </span>
    </p>

    <p class='ocr_par' dir='ltr' id='par_1_24' title="bbox 421 1759 1621 1834">
     <span class='ocr_line' id='line_1_29' title="bbox 421 1759 1621 1834; baseline 0 -18"><span class='ocrx_word' id='word_1_127' title='bbox 421 1759 665 1833; x_wconf 74' lang='grc' dir='ltr'><em>Ἀργεῖός</em></span> <span class='ocrx_word' id='word_1_128' title='bbox 691 1769 827 1834; x_wconf 83' lang='grc' dir='ltr'><em>εἰμι,</em></span> <span class='ocrx_word' id='word_1_129' title='bbox 860 1768 1022 1819; x_wconf 86' lang='grc' dir='ltr'><em>τοῦτο</em></span> <span class='ocrx_word' id='word_1_130' title='bbox 1047 1761 1151 1834; x_wconf 77' lang='grc' dir='ltr'><em>γὰρ</em></span> <span class='ocrx_word' id='word_1_131' title='bbox 1177 1763 1363 1826; x_wconf 87' lang='grc' dir='ltr'><em>θέλεις</em></span> <span class='ocrx_word' id='word_1_132' title='bbox 1389 1770 1621 1832; x_wconf 78' lang='grc' dir='ltr'><em>μαθεῖν·</em></span> 
     </span>
    </p>

    <p class='ocr_par' dir='ltr' id='par_1_25' title="bbox 427 1839 1903 2087">
     <span class='ocr_line' id='line_1_30' title="bbox 427 1839 1903 1919; baseline 0 -17"><span class='ocrx_word' id='word_1_133' title='bbox 427 1845 516 1918; x_wconf 78' lang='grc' dir='ltr'><em>ἐφ’</em></span> <span class='ocrx_word' id='word_1_134' title='bbox 549 1844 656 1904; x_wconf 84' lang='grc' dir='ltr'><em>οἷσι</em></span> <span class='ocrx_word' id='word_1_135' title='bbox 681 1845 732 1902; x_wconf 79' lang='grc' dir='ltr'><em>δ’</em></span> <span class='ocrx_word' id='word_1_136' title='bbox 767 1845 883 1919; x_wconf 79' lang='grc' dir='ltr'><em>ἥκω</em></span> <span class='ocrx_word' id='word_1_137' title='bbox 908 1850 1001 1903; x_wconf 84' lang='grc' dir='ltr'><em>καὶ</em></span> <span class='ocrx_word' id='word_1_138' title='bbox 1025 1845 1156 1919; x_wconf 77' lang='grc' dir='ltr'><em>παρ’</em></span> <span class='ocrx_word' id='word_1_139' title='bbox 1189 1839 1258 1902; x_wconf 75' lang='grc' dir='ltr'><em>οὗ</em></span> <span class='ocrx_word' id='word_1_140' title='bbox 1282 1850 1465 1918; x_wconf 89' lang='grc' dir='ltr'><em>λέγειν</em></span> <span class='ocrx_word' id='word_1_141' title='bbox 1493 1848 1661 1902; x_wconf 84' lang='grc' dir='ltr'><em>θέλω.</em></span> <span class='ocrx_word' id='word_1_142' title='bbox 1825 1859 1903 1902; x_wconf 80' lang='lat'><em>135</em></span> 
     </span>
     <span class='ocr_line' id='line_1_31' title="bbox 427 1928 1760 2005; baseline 0 -18"><span class='ocrx_word' id='word_1_143' title='bbox 427 1935 626 2003; x_wconf 86' lang='grc' dir='ltr'><em>πέμπει</em></span> <span class='ocrx_word' id='word_1_144' title='bbox 653 1939 948 2005; x_wconf 76' lang='grc' dir='ltr'><em>Μυκηνῶν</em></span> <span class='ocrx_word' id='word_1_145' title='bbox 975 1933 1145 2005; x_wconf 82' lang='grc' dir='ltr'><em>δεῦρό</em></span> <span class='ocrx_word' id='word_1_146' title='bbox 1174 1929 1231 2003; x_wconf 83' lang='grc' dir='ltr'><em>μ’</em></span> <span class='ocrx_word' id='word_1_147' title='bbox 1261 1929 1602 2002; x_wconf 74' lang='grc' dir='ltr'><em>Εὐρυσθεὺς</em></span> <span class='ocrx_word' id='word_1_148' title='bbox 1627 1928 1760 1998; x_wconf 73' lang='grc' dir='ltr'><em>ἅναξ</em></span> 
     </span>
     <span class='ocr_line' id='line_1_32' title="bbox 429 2008 1638 2087; baseline -0.001 -15"><span class='ocrx_word' id='word_1_149' title='bbox 429 2016 627 2083; x_wconf 70' lang='grc' dir='ltr'><em>ἄξοντα</em></span> <span class='ocrx_word' id='word_1_150' title='bbox 651 2018 878 2074; x_wconf 83' lang='grc' dir='ltr'><em>τούσδε·</em></span> <span class='ocrx_word' id='word_1_151' title='bbox 909 2017 1084 2074; x_wconf 79' lang='grc' dir='ltr'><em>πολλὰ</em></span> <span class='ocrx_word' id='word_1_152' title='bbox 1110 2015 1162 2072; x_wconf 80' lang='grc' dir='ltr'><em>δ’</em></span> <span class='ocrx_word' id='word_1_153' title='bbox 1191 2010 1372 2087; x_wconf 80' lang='grc' dir='ltr'><em>ἦλθον</em></span> <span class='ocrx_word' id='word_1_154' title='bbox 1391 2060 1404 2087; x_wconf 92' lang='grc'><em>,</em></span> <span class='ocrx_word' id='word_1_155' title='bbox 1433 2008 1478 2071; x_wconf 84' lang='grc' dir='ltr'><em>ῶ</em></span> <span class='ocrx_word' id='word_1_156' title='bbox 1501 2018 1638 2085; x_wconf 81' lang='grc' dir='ltr'><em>ξένε,</em></span> 
     </span>
    </p>

    <p class='ocr_par' dir='ltr' id='par_1_26' title="bbox 429 2099 1593 2176">
     <span class='ocr_line' id='line_1_33' title="bbox 429 2099 1593 2176; baseline -0.002 -19"><span class='ocrx_word' id='word_1_157' title='bbox 429 2101 598 2158; x_wconf 85' lang='grc' dir='ltr'><em>δίκαι’</em></span> <span class='ocrx_word' id='word_1_158' title='bbox 630 2099 841 2176; x_wconf 82' lang='grc' dir='ltr'><em>ὁμαρτῇ</em></span> <span class='ocrx_word' id='word_1_159' title='bbox 866 2108 1008 2173; x_wconf 81' lang='grc' dir='ltr'><em>δρᾶν</em></span> <span class='ocrx_word' id='word_1_160' title='bbox 1031 2126 1088 2158; x_wconf 90' lang='grc' dir='ltr'><em>τε</em></span> <span class='ocrx_word' id='word_1_161' title='bbox 1113 2105 1205 2157; x_wconf 84' lang='grc' dir='ltr'><em>καὶ</em></span> <span class='ocrx_word' id='word_1_162' title='bbox 1229 2104 1412 2173; x_wconf 88' lang='grc' dir='ltr'><em>λέγειν</em></span> <span class='ocrx_word' id='word_1_163' title='bbox 1437 2107 1593 2172; x_wconf 82' lang='grc' dir='ltr'><em>ἔχων.</em></span> 
     </span>
    </p>

    <p class='ocr_par' dir='ltr' id='par_1_27' title="bbox 421 2184 1535 2261">
     <span class='ocr_line' id='line_1_34' title="bbox 421 2184 1535 2261; baseline -0.001 -19"><span class='ocrx_word' id='word_1_164' title='bbox 421 2189 660 2259; x_wconf 82' lang='grc' dir='ltr'><em>Ἀργεῖος</em></span> <span class='ocrx_word' id='word_1_165' title='bbox 689 2185 768 2243; x_wconf 79' lang='grc' dir='ltr'><em>ῶν</em></span> <span class='ocrx_word' id='word_1_166' title='bbox 791 2188 895 2261; x_wconf 81' lang='grc' dir='ltr'><em>γὰρ</em></span> <span class='ocrx_word' id='word_1_167' title='bbox 921 2185 1087 2252; x_wconf 78' lang='grc' dir='ltr'><em>αὐτὸς</em></span> <span class='ocrx_word' id='word_1_168' title='bbox 1113 2185 1394 2258; x_wconf 74' lang='grc' dir='ltr'><em>Ἀργείους</em></span> <span class='ocrx_word' id='word_1_169' title='bbox 1420 2184 1535 2257; x_wconf 74' lang='grc' dir='ltr'><em>ἄγω</em></span> 
     </span>
    </p>

    <p class='ocr_par' dir='ltr' id='par_1_28' title="bbox 427 2269 1906 2429">
     <span class='ocr_line' id='line_1_35' title="bbox 429 2269 1906 2345; baseline -0.003 -16"><span class='ocrx_word' id='word_1_170' title='bbox 429 2276 486 2328; x_wconf 82' lang='grc' dir='ltr'><em>ἐκ</em></span> <span class='ocrx_word' id='word_1_171' title='bbox 511 2279 604 2345; x_wconf 86' lang='grc' dir='ltr'><em>τῆς</em></span> <span class='ocrx_word' id='word_1_172' title='bbox 631 2276 872 2345; x_wconf 84' lang='grc' dir='ltr'><em>ἐμαυτοῦ</em></span> <span class='ocrx_word' id='word_1_173' title='bbox 896 2273 1096 2329; x_wconf 83' lang='grc' dir='ltr'><em>τούσδε</em></span> <span class='ocrx_word' id='word_1_174' title='bbox 1126 2274 1398 2342; x_wconf 80' lang='grc' dir='ltr'><em>δραπέτας</em></span> <span class='ocrx_word' id='word_1_175' title='bbox 1427 2269 1586 2338; x_wconf 78' lang='grc' dir='ltr'><em>ἑλῶν,</em></span> <span class='ocrx_word' id='word_1_176' title='bbox 1827 2283 1906 2325; x_wconf 84' lang='lat'><em>140</em></span> 
     </span>
     <span class='ocr_line' id='line_1_36' title="bbox 427 2359 1465 2429; baseline -0.001 -16"><span class='ocrx_word' id='word_1_177' title='bbox 427 2359 644 2429; x_wconf 86' lang='grc' dir='ltr'><em>νόμοισι</em></span> <span class='ocrx_word' id='word_1_178' title='bbox 669 2371 782 2423; x_wconf 89' lang='grc' dir='ltr'><em>τοῖς</em></span> <span class='ocrx_word' id='word_1_179' title='bbox 808 2361 1027 2414; x_wconf 88' lang='grc' dir='ltr'><em>ἐκεῖθεν</em></span> <span class='ocrx_word' id='word_1_180' title='bbox 1053 2359 1465 2429; x_wconf 81' lang='grc' dir='ltr'><em>ἐψηφισμένους</em></span> 
     </span>
    </p>

    <p class='ocr_par' dir='ltr' id='par_1_29' title="bbox 425 2441 1652 2514">
     <span class='ocr_line' id='line_1_37' title="bbox 425 2441 1652 2514; baseline -0.003 -15"><span class='ocrx_word' id='word_1_181' title='bbox 425 2452 651 2499; x_wconf 78' lang='grc' dir='ltr'><em>θανεῖν·</em></span> <span class='ocrx_word' id='word_1_182' title='bbox 681 2449 886 2499; x_wconf 88' lang='grc' dir='ltr'><em>δίκαιοι</em></span> <span class='ocrx_word' id='word_1_183' title='bbox 912 2449 944 2499; x_wconf 92' lang='grc' dir='ltr'><em>δ</em></span> <span class='ocrx_word' id='word_1_184' title='bbox 952 2442 964 2461; x_wconf 77' lang='grc'><strong>’</strong></span> <span class='ocrx_word' id='word_1_185' title='bbox 993 2443 1156 2514; x_wconf 77' lang='grc' dir='ltr'><em>ἐσμὲν</em></span> <span class='ocrx_word' id='word_1_186' title='bbox 1181 2448 1464 2506; x_wconf 82' lang='grc' dir='ltr'><em>οἰκοῦντες</em></span> <span class='ocrx_word' id='word_1_187' title='bbox 1487 2441 1652 2496; x_wconf 91' lang='grc' dir='ltr'><em>πόλιν</em></span> 
     </span>
    </p>

    <p class='ocr_par' dir='ltr' id='par_1_30' title="bbox 429 2527 1698 2684">
     <span class='ocr_line' id='line_1_38' title="bbox 432 2527 1698 2599; baseline -0.004 -14"><span class='ocrx_word' id='word_1_188' title='bbox 432 2529 588 2585; x_wconf 77' lang='grc' dir='ltr'><em>ἀστοὶ</em></span> <span class='ocrx_word' id='word_1_189' title='bbox 619 2527 735 2584; x_wconf 86' lang='grc' dir='ltr'><em>κατ’</em></span> <span class='ocrx_word' id='word_1_190' title='bbox 775 2527 960 2584; x_wconf 84' lang='grc' dir='ltr'><em>άστῶν</em></span> <span class='ocrx_word' id='word_1_191' title='bbox 992 2535 1225 2599; x_wconf 86' lang='grc' dir='ltr'><em>κυρίους</em></span> <span class='ocrx_word' id='word_1_192' title='bbox 1250 2533 1500 2597; x_wconf 90' lang='grc' dir='ltr'><em>κραίνειν</em></span> <span class='ocrx_word' id='word_1_193' title='bbox 1524 2531 1698 2590; x_wconf 83' lang='grc' dir='ltr'><em>δίκας.</em></span> 
     </span>
     <span class='ocr_line' id='line_1_39' title="bbox 429 2610 1550 2684; baseline -0.002 -16"><span class='ocrx_word' id='word_1_194' title='bbox 429 2619 649 2668; x_wconf 88' lang='grc' dir='ltr'><em>πολλῶν</em></span> <span class='ocrx_word' id='word_1_195' title='bbox 676 2614 737 2669; x_wconf 77' lang='grc' dir='ltr'><em>δὲ</em></span> <span class='ocrx_word' id='word_1_196' title='bbox 759 2611 981 2669; x_wconf 71' lang='grc' dir='ltr'><em>κᾶλλων</em></span> <span class='ocrx_word' id='word_1_197' title='bbox 1005 2616 1184 2678; x_wconf 84' lang='grc' dir='ltr'><em>ἑστίας</em></span> <span class='ocrx_word' id='word_1_198' title='bbox 1208 2610 1550 2684; x_wconf 76' lang='grc' dir='ltr'><em>ἀφιγμένων,</em></span> 
     </span>
    </p>

    <p class='ocr_par' dir='ltr' id='par_1_31' title="bbox 427 2696 1904 2856">
     <span class='ocr_line' id='line_1_40' title="bbox 430 2696 1904 2768; baseline -0.001 -15"><span class='ocrx_word' id='word_1_199' title='bbox 430 2701 490 2753; x_wconf 83' lang='grc' dir='ltr'><em>ἐν</em></span> <span class='ocrx_word' id='word_1_200' title='bbox 515 2711 692 2754; x_wconf 90' lang='grc' dir='ltr'><em>τοῖσιν</em></span> <span class='ocrx_word' id='word_1_201' title='bbox 719 2696 905 2764; x_wconf 79' lang='grc' dir='ltr'><em>αὐτοῖς</em></span> <span class='ocrx_word' id='word_1_202' title='bbox 929 2697 1127 2754; x_wconf 78' lang='grc' dir='ltr'><em>τοισίδ’</em></span> <span class='ocrx_word' id='word_1_203' title='bbox 1158 2702 1388 2768; x_wconf 82' lang='grc' dir='ltr'><em>ἕσταμεν</em></span> <span class='ocrx_word' id='word_1_204' title='bbox 1414 2696 1613 2768; x_wconf 87' lang='grc' dir='ltr'><em>λόγοις,</em></span> <span class='ocrx_word' id='word_1_205' title='bbox 1825 2710 1904 2752; x_wconf 84' lang='lat'><em>145</em></span> 
     </span>
     <span class='ocr_line' id='line_1_41' title="bbox 427 2780 1628 2856; baseline -0.001 -18"><span class='ocrx_word' id='word_1_206' title='bbox 427 2780 649 2848; x_wconf 77' lang='grc' dir='ltr'><em>κούδεὶς</em></span> <span class='ocrx_word' id='word_1_207' title='bbox 674 2781 926 2856; x_wconf 84' lang='grc' dir='ltr'><em>ἐτόλμησ’</em></span> <span class='ocrx_word' id='word_1_208' title='bbox 956 2788 1070 2839; x_wconf 78' lang='grc' dir='ltr'><em>ἴδια</em></span> <span class='ocrx_word' id='word_1_209' title='bbox 1095 2784 1448 2854; x_wconf 81' lang='grc' dir='ltr'><em>προσθέσθαι</em></span> <span class='ocrx_word' id='word_1_210' title='bbox 1471 2782 1628 2837; x_wconf 89' lang='grc' dir='ltr'><em>κακά.</em></span> 
     </span>
    </p>

    <p class='ocr_par' dir='ltr' id='par_1_32' title="bbox 428 2865 1527 2940">
     <span class='ocr_line' id='line_1_42' title="bbox 428 2865 1527 2940; baseline 0 -18"><span class='ocrx_word' id='word_1_211' title='bbox 428 2865 549 2923; x_wconf 74' lang='grc' dir='ltr'><em>ἀλλ’</em></span> <span class='ocrx_word' id='word_1_212' title='bbox 579 2865 614 2938; x_wconf 77' lang='grc' dir='ltr'>ἥ</span> <span class='ocrx_word' id='word_1_213' title='bbox 642 2866 748 2924; x_wconf 81' lang='grc' dir='ltr'><em>τιν’</em></span> <span class='ocrx_word' id='word_1_214' title='bbox 780 2874 856 2934; x_wconf 80' lang='grc' dir='ltr'><em>εἰς</em></span> <span class='ocrx_word' id='word_1_215' title='bbox 879 2869 940 2924; x_wconf 72' lang='grc' dir='ltr'><em>σὲ</em></span> <span class='ocrx_word' id='word_1_216' title='bbox 963 2875 1181 2940; x_wconf 90' lang='grc' dir='ltr'><em>μωρίαν</em></span> <span class='ocrx_word' id='word_1_217' title='bbox 1205 2869 1527 2939; x_wconf 87' lang='grc' dir='ltr'><em>ἐσκεμμένοι</em></span> 
     </span>
    </p>
   </div>
  </div>
 </body>
</html>
