2022 3126
235 69 335 118 362
631 67 974 112 ΗΡΑΚΔΗΣ
1005 64 1514 112 ΜΑΙΝΟΜΕΝΟΣ

425 209 596 280 πάρες
621 205 713 263 ἀπ’
745 204 1003 278 ὀμμάτων

426 296 663 363 πέπλον,
691 289 950 362 ἀπόδικε,
989 293 1151 362 ῥέθος
1176 288 1341 364 ἀελίῳ
1368 292 1574 355 δεῖξον·
1790 302 1897 345 1205

429 379 598 450 βάρος
623 375 927 433 ἀντίπαλον
951 372 1278 447 δακρύοισιν
1303 371 1608 445 ἁμιλλᾶται.

430 463 745 532 ι’κετεύομεν
770 459 912 533 ἀμφὶ
934 459 1038 516 σὰν

429 548 687 619 γενειάδα
713 549 805 602 καὶ
828 547 966 618 γόνυ
992 547 1085 600 καὶ
1111 546 1242 615 χέρα
1269 549 1623 614 προσπίτνων

428 633 623 689 πολιόν
646 656 703 688 τε
728 631 973 703 δάκρυον
999 628 1263 701 ἐκβαλών.

431 717 494 773 &cb
522 731 647 788 παῖ,
673 717 842 773 κατά-
1793 727 1901 769 1210

429 811 595 874 σχεθε
619 805 838 867 λέοντος
863 799 1062 873 ἀγρίου
1087 799 1294 872 θυμόν,
1322 796 1394 864 (ὃς

433 892 644 959 δρόμον
676 892 762 944 ἐπὶ
788 889 991 958 φόνιον
1022 885 1250 941 ἀνόσιον
1279 885 1483 953 ἐξάγει,

429 970 572 1028 κακά
595 975 780 1028 θέλων
803 985 992 1037 κακοῖς
1016 972 1287 1040 συνάψαι,
1314 973 1525 1025 τέκνον.

242 1066 360 1114 ΘΗ.
433 1058 568 1114 εἶεν·
597 1058 657 1114 σὲ
682 1056 779 1114 τὸν
803 1057 1087 1113 θάσσοντα
1113 1055 1422 1126 δυστήνους
1447 1057 1612 1126 ἕδρας

433 1142 615 1212 αὐδῶ,
645 1149 893 1213 φίλοισιν
918 1140 1064 1213 ὄμμα
1089 1140 1378 1197 δεικνύναι
1403 1138 1462 1194 τὸ
1489 1139 1605 1196 σόν.
1797 1153 1903 1195 1215

429 1226 614 1292 οὐδεὶς
638 1227 831 1293 σκότος
854 1226 959 1298 γὰρ
987 1219 1086 1283 οἷδ’
1117 1233 1225 1298 ἔχει
1249 1227 1420 1297 μέλαν
1442 1227 1629 1297 νέφος,

431 1311 578 1378 ὅστις
602 1317 789 1368 κακῶν
814 1318 928 1367 σῶν
952 1310 1250 1384 συμφορὰν
1273 1309 1541 1382 κρύψειεν
1565 1308 1649 1366 ἄν.

434 1405 491 1454 τί
509 1422 601 1470 μοι
629 1404 906 1467 προσείων
929 1410 1085 1469 χεῖρα
1109 1402 1393 1469 σημαίνεις
1420 1396 1626 1465 φόνους

434 1481 505 1549 ῶς
529 1483 600 1555 μὴ
625 1483 797 1554 μῦσος
821 1505 887 1554 με
912 1489 1027 1539 σῶν
1051 1483 1192 1556 βάλῃ
1218 1480 1727 1553 προσφιθεγμάτωνς

443 1567 612 1625 οὐδὲν
635 1571 787 1639 μέλει
812 1591 905 1634 μοι
929 1568 1036 1623 σύν
1060 1591 1122 1639 γε
1148 1569 1236 1623 σοὶ
1259 1566 1528 1637 πράσσειν
1552 1571 1758 1630 κακῶς·
1799 1579 1907 1622 1220

436 1656 528 1709 καὶ
553 1654 657 1725 γάρ
684 1650 805 1709 ποτ’
830 1650 1114 1724 ηὐτύχησ’·
1152 1649 1317 1708 ἐκεῖσ’
1348 1648 1661 1722 ἀνοιστέον,

438 1737 519 1794 ὅτ’
551 1738 815 1806 ἐξέσωσάς
838 1735 897 1810 μ’
931 1744 1007 1804 εἰς
1037 1739 1176 1810 φάος
1199 1742 1420 1809 νεκρῶν
1445 1737 1609 1808 πάρα.

437 1824 598 1895 χάριν
623 1824 684 1880 δὲ
709 1823 1100 1895 γηράσκουσαν
1125 1826 1366 1894 ἐχθαίρω
1393 1827 1574 1893 φίλων

436 1911 528 1964 καὶ
554 1916 666 1964 τῶν
692 1915 879 1964 καλῶν
902 1909 1003 1979 μὲν
1028 1906 1175 1973 ὅστις
1200 1905 1504 1964 ἀπολαύειν
1527 1910 1699 1976 θέλει,

437 2002 709 2065 συμπλεῖν
739 1994 799 2049 δὲ
823 2006 935 2059 τοῖς
965 2000 1177 2065 φίλοισι
1205 1997 1579 2063 δυστυχοῦσιν
1602 1989 1685 2047 οὕ.
1801 2004 1908 2048 1225

436 2076 705 2148 ἆνίστασ’,
733 2079 1049 2144 ἐκκάλυψον
1075 2076 1276 2134 ἄθλιον
1299 2076 1458 2148 κάρα,

439 2167 648 2235 βλέψον
674 2163 809 2233 πρὸς
834 2161 986 2235 ἡμᾶς.
1037 2161 1184 2228 ὅστις
1209 2160 1439 2233 εὐγενὴς
1463 2168 1699 2233 βροτῶν,

436 2252 595 2320 φέρει
618 2247 683 2305 τὰ
706 2255 860 2304 θεῶν
883 2272 946 2321 γε
970 2246 1214 2320 πτώματ’
1244 2244 1368 2303 οὐδ’
1399 2246 1698 2303 ἀναίνεται.

249 2342 361 2390 HP.
432 2341 644 2406 Θησεῦ,
673 2336 940 2404 δέδορκας
962 2331 1115 2390 τόνδ’
1146 2330 1317 2405 ἀγῶν’
1349 2336 1496 2404 ἐμῶν
1522 2334 1759 2396 τέκνων;

248 2427 367 2475 ΘΗ.
439 2417 679 2490 ἤκουσα,
706 2422 798 2475 καὶ
823 2422 1081 2490 βλέποντι
1107 2424 1391 2490 σημαίνεις
1415 2418 1571 2473 κακά.
1799 2430 1909 2473 1230

248 2512 361 2560 ΗΡ.
430 2511 485 2560 τί
505 2506 642 2576 δῆτά
667 2528 774 2575 μου
798 2502 956 2576 κρᾶτ’
986 2501 1337 2569 ἀνεκάλυψας
1359 2500 1523 2576 ἡλίῳς

249 2597 368 2645 ΘΗ.
441 2596 498 2645 τί
516 2589 592 2656 δ’;
619 2587 687 2645 οὐ
712 2596 948 2660 μιαίνεις
973 2588 1180 2660 θνητὸς
1207 2584 1286 2644 ῶν
1310 2586 1375 2643 τὰ
1400 2593 1510 2642 τῶν
1533 2592 1704 2644 θεῶν.

246 2680 362 2730 ΗΡ.
435 2671 623 2746 φεῦγ’,
650 2668 694 2730 ῶ
719 2672 1041 2745 ταλαίπωρ’,
1070 2671 1296 2730 ἀνόσιον
1321 2669 1513 2743 μίασμ’
1544 2670 1691 2742 ἐμόν.

250 2766 369 2815 ΘΗ.
446 2757 632 2824 οὐδεὶς
656 2757 907 2829 ἀλάστωρ
936 2772 1049 2824 τοῖς
1074 2766 1256 2830 φίλοις
1281 2760 1338 2813 ἐκ
1368 2763 1479 2812 τῶν
1504 2762 1701 2827 φίλων.

248 2851 362 2899 ΗΡ.
435 2842 674 2914 ἐπῄνεσ’·
706 2837 769 2899 εὖ
795 2844 999 2913 δράσας
1025 2847 1089 2899 δέ
1111 2841 1162 2897 6²
1194 2841 1296 2899 οὐκ
1323 2840 1632 2913 ἀναίνομαι.
1806 2853 1910 2895 1235
