2022 3126
227 972 344 1021 XO.

229 1142 348 1190 HA.

232 1566 336 1614 ΟΡ.

228 1651 348 1699 HA.

233 1736 336 1783 ΟΡ.

232 1906 337 1953 ΟΡ.

229 1990 348 2038 HA.

233 2076 337 2124 ΟΡ.

233 2160 349 2208 HA.

234 2246 337 2293 ΟΡ.

230 2331 348 2378 HA.

234 2415 337 2462 ΟΡ.

229 2500 348 2548 HA.

233 2585 338 2633 ΟΡ.

229 2668 349 2718 HA.

233 2754 338 2802 ΟΡ.

230 2838 350 2886 HA.

892 65 1221 113 ΗΛΕΚΤΡΑ

422 201 483 270 ὅς
507 228 615 261 που
638 211 744 278 γᾶν
769 203 942 262 ἄλλαν
966 208 1180 277 κατέχει

421 292 611 361 μέλεος
638 288 883 346 ἀλαίνων
908 293 1033 347 ποτὶ
1059 297 1280 390 θῆσσαν
1304 294 1505 349 ἑστίαν
1816 310 1896 352 205

419 381 518 429 τοῦ
541 381 766 430 κλεινοῦ
790 374 994 448 πατρὸς
1018 375 1206 447 ἐκφύς.

421 456 559 514 αὐτὰ
589 457 641 515 δ’
670 463 730 515 ἐν
753 467 979 532 χερνῆσι
1006 461 1195 533 δόμοις

417 550 556 599 ναίω
581 543 766 615 ψυχὰν
782 547 1053 616 τακομένα

421 628 689 699 δωμάτων
714 636 961 702 πατρίων
988 631 1190 700 φυγάς,

417 711 641 785 οὐρείας
665 712 759 769 ἄν’
790 719 1032 787 ἐρίπνας.
1813 730 1897 772 210

415 798 592 869 μάτηρ
619 803 651 854 δ
659 796 671 816 '
701 802 761 855 ἐν
785 802 1029 871 λέκτροις
1060 806 1279 870 φονίοις

417 880 565 956 ἄλλῳ
590 883 867 956 σύγγαμος
893 890 1048 940 οἰκεῖ.

415 975 637 1024 πολλῶν
661 975 848 1024 κακῶν
864 967 1124 1040 ’Ἕλλησιν
1149 974 1330 1024 αἰτίαν
1355 975 1463 1040 ἔχει

417 1059 515 1123 σῆς
538 1053 741 1125 μητρὸς
762 1051 949 1126 Ἑλένη
974 1055 1246 1126 σύγγονος
1271 1054 1459 1125 δόμοις
1481 1076 1539 1108 τε
1565 1065 1695 1117 σοῖς.

417 1145 592 1209 οἴμοι,
618 1152 906 1209 γυναῖκες,
935 1141 1127 1211 ἐξέβην
1150 1139 1543 1211 θρηνημάτων.
1813 1153 1892 1193 215

423 1223 569 1288 ξένοι
595 1223 738 1288 τινὲς
763 1221 894 1295 παρ’
928 1223 1081 1279 οἶκον
1106 1221 1214 1278 οἵδ’
1246 1228 1535 1294 ἐφεστίους

419 1305 584 1372 εὐνάς
612 1313 824 1413 ἔχοντες
848 1311 1225 1374 ἐξανίστανται
1254 1309 1421 1380 λόχου
1437 1328 1447 1336 ·

419 1397 572 1464 φυγῇ
597 1391 667 1447 σύ
692 1416 794 1464 μεν
818 1391 938 1448 κατ’
968 1393 1156 1464 οἶμον,
1188 1399 1263 1458 εἰς
1293 1394 1498 1465 δόμους
1524 1390 1579 1448 δ’
1609 1391 1714 1463 ἐγώ

418 1482 604 1546 φῶτας
628 1475 977 1550 κακούργους
1006 1478 1351 1550 ἐξαλύξωμεν
1377 1483 1525 1534 ποδί.

420 1559 554 1631 μέν’,
582 1585 622 1617 ω
650 1562 902 1619 τάλαινα·
929 1562 1001 1635 μὴ
1029 1565 1223 1636 τρέσῃς
1248 1562 1383 1634 ἐμὴν
1406 1565 1556 1635 χέρα.
1811 1577 1893 1617 220

423 1648 463 1701 ῶ
493 1645 654 1719 Φοῖβ’
672 1645 977 1719 ’Ἀπολλον,
1003 1655 1323 1719 προσπιτνω
1350 1667 1412 1704 σε
1436 1647 1511 1720 μὴ
1535 1656 1752 1703 θανεῖν.

422 1728 622 1797 άλλους
647 1730 898 1804 κτάνοιμ’
928 1757 997 1788 αν
1020 1739 1232 1804 μᾶλλον
1259 1737 1483 1804 ἐχθίους
1506 1736 1693 1790 σέθεν.

339 1859 348 1868 .
421 1813 657 1888 άπελθε,
684 1816 756 1889 μὴ
781 1816 922 1883 ψαῦ’
953 1810 1032 1873 ῶν
1057 1838 1118 1874 σε
1147 1818 1219 1890 μὴ
1244 1819 1448 1884 ψαύειν
1470 1818 1666 1889 χρεῶν.

418 1898 520 1956 οὐκ
554 1899 675 1957 ἔ’σθ
705 1899 836 1958 ότου
862 1901 1077 1974 θίγοιμ’
1107 1927 1176 1958 αν
1201 1904 1584 1975 ἐνδικώτερον.

420 1987 512 2041 καὶ
536 1993 651 2051 πῶς
676 1988 909 2058 ξιφήρης
933 1987 1071 2059 πρὸς
1098 1989 1286 2059 δόμοις
1310 1994 1472 2061 λοχᾷς
1497 1991 1673 2059 ἐμοῖς;
1812 2001 1891 2041 225

417 2069 634 2141 μείνασ’
665 2069 934 2143 ἄκουσον,
961 2075 1053 2128 καὶ
1080 2070 1199 2142 τάχ’
1230 2070 1333 2128 οὐκ
1360 2070 1537 2138 ἄλλως
1562 2076 1719 2143 ἐρεῖς.

419 2175 647 2226 εστηκα
681 2157 898 2222 πάντως
925 2155 978 2212 δ’
1011 2159 1120 2228 εἰμὶ
1145 2155 1241 2228 σή·
1269 2165 1544 2229 κρείσσων
1568 2156 1673 2229 γὰρ
1702 2156 1763 2211 εἷ.

418 2237 533 2310 ἥκω
559 2243 749 2312 φέρων
774 2260 859 2297 σοι
883 2248 987 2297 σοῦ
1012 2242 1347 2314 κασιγνήτου
1375 2242 1591 2313 λόγους.

422 2327 461 2379 ῶ
489 2323 706 2396 φίλτατ’
714 2318 861 2426 ,ἆρα
886 2333 1085 2395 ζῶντος
1110 2351 1141 2398 η
1167 2328 1528 2399 τεθνηκότος;

418 2416 505 2482 ζῇ·
533 2417 721 2482 πρῶτα
747 2410 851 2484 γάρ
878 2430 963 2467 σοι
989 2410 1191 2483 τάγάθ’
1223 2411 1513 2485 ἀγγέλλειν
1541 2416 1707 2468 θέλω.
1807 2427 1891 2469 230

419 2492 821 2567 εὐδαιμονοίης,
853 2495 1060 2567 μισθὸν
1086 2495 1327 2568 ἡδίστων
1353 2498 1551 2570 λόγων.

423 2587 583 2652 κοινῇ
609 2586 810 2652 δίδωμι
835 2588 997 2637 τοῦτο
1023 2587 1140 2656 νῷν
1166 2581 1376 2654 ἀμφοῖν
1402 2590 1561 2653 ἔχειν.

420 2670 528 2719 ποῦ
561 2671 658 2736 γῆς
685 2664 712 2721 ὁ
738 2666 960 2738 τλήμων
984 2667 1256 2738 τλήμονας
1280 2667 1463 2740 φυγὰς
1487 2674 1657 2738 ἔχων;

419 2746 522 2820 οὐχ
545 2753 644 2805 ἕνα
668 2758 906 2822 νομίζων
929 2758 1224 2823 φθείρεται
1249 2753 1463 2818 πόλεως
1488 2752 1677 2809 τόπον.

420 2830 488 2888 οὔ
518 2855 624 2889 που
649 2843 895 2904 σπανίζει
921 2843 1019 2892 τοῦ
1043 2834 1177 2892 καθ’
1205 2834 1415 2909 ἡμέραν
1437 2844 1596 2908 βίους
1807 2844 1890 2891 255
