2022 3126
827 449 1277 508 ΕΥΡΙΠΙΔΟΥ

673 616 1428 689 ΕΛΕΝΗ.

205 954 315 1006 ΕΛ.
392 956 602 1006 Νείλου
628 951 730 1022 μὲν
758 955 880 1008 αἵδε
906 950 1346 1023 καλλιπάρθενοι
1373 954 1513 1023 ῥοαί,

393 1030 453 1099 ὃς
477 1033 600 1091 ἀντὶ
627 1040 750 1102 δίας
780 1036 1027 1102 ψακάδος
1052 1035 1350 1108 Αἰγύπτου
1374 1039 1547 1093 πέδου

392 1126 593 1192 λευκῆς
619 1127 874 1194 τακείσης
894 1121 1079 1193 χιόνος
1111 1118 1368 1194 ὑγραίνει
1392 1122 1546 1195 γύας.

388 1205 658 1276 Πρωτεὺς
683 1204 734 1262 δ’
766 1203 837 1261 ὅτ’
873 1214 958 1279 ἔζη
985 1212 1151 1278 τῆσδε
1177 1213 1276 1279 γῆς
1301 1206 1574 1281 τύραννος
1598 1201 1685 1280 ἦν,

388 1291 581 1363 Φάρον
605 1292 706 1362 μὲν
732 1298 903 1347 οἰκῶν
928 1298 1128 1363 νῆσον,
1154 1293 1449 1365 Αἰγύπτου
1477 1298 1508 1348 δ
1517 1290 1529 1310 ’
1559 1290 1711 1364 ἅναξ,
1849 1308 1873 1350 5

392 1372 450 1440 ὃς
478 1383 590 1431 τών
615 1373 725 1432 κατ’
755 1376 919 1449 οἶδμα
944 1379 1248 1448 παρθένων
1272 1383 1405 1449 μιάν
1430 1392 1610 1449 γαμεῖ,

396 1462 681 1534 Ψαμάθην
699 1506 712 1533 ,
741 1460 931 1534 ἐπειδὴ
959 1460 1134 1535 λέκτρ’
1164 1460 1382 1535 ἀφῆκεν
1408 1469 1644 1520 Αἰακοῦ.

386 1553 556 1603 τίκτει
584 1549 644 1604 δὲ
671 1550 835 1605 τέκνα
861 1546 1023 1604 δισσὰ
1047 1553 1233 1604 τοῖσδε
1259 1549 1489 1621 δώμασι,

389 1634 778 1705 Θεοκλύμενον
804 1631 984 1706 ἄρσεν’
1016 1630 1120 1702 [ὅτι
1148 1633 1216 1706 δὴ
1243 1633 1413 1700 θεοὺς
1437 1636 1619 1706 σέβων

389 1725 516 1789 βίον
542 1716 805 1791 διήνεγκ’]
837 1717 1039 1791 εὐγενῆ
1066 1743 1123 1776 τε
1149 1722 1439 1792 παρθένον
1821 1737 1871 1778 10

385 1804 567 1873 Εἰδώ,
603 1804 661 1860 τὸ
688 1804 894 1876 μητρὸς
920 1802 1189 1876 ἀγλάισμ’,
1218 1802 1289 1862 ὅτ’
1321 1798 1390 1877 ἧν
1415 1807 1621 1877 βρέφος
1639 1825 1649 1834 ·

387 1891 505 1944 ἐπεὶ
533 1887 586 1945 δ’
618 1894 670 1955 ἐς
699 1887 841 1961 ἥβην
865 1883 1043 1962 ἦλθεν
1069 1887 1242 1962 ώραία
1272 1891 1481 1961 γάμων,

387 1981 655 2030 καλοῦσιν
684 1972 863 2046 αὐτὴν
889 1975 1164 2047 Θεονόην·
1213 1974 1278 2031 τὰ
1310 1985 1439 2031 θεῖα
1460 1974 1565 2048 γὰρ

387 2059 452 2114 τά
478 2055 516 2115 τ’
545 2058 678 2115 ὄντα
704 2062 796 2115 καὶ
820 2063 1091 2132 μέλλοντα
1116 2058 1268 2117 πάντ’
1297 2059 1581 2134 ἠπίστατο,

383 2146 667 2217 προγόνου
694 2152 944 2217 λαβοῦσα
966 2149 1201 2218 Νηρέως
1227 2150 1385 2218 τιμὰς
1414 2146 1576 2216 πάρα.
1820 2163 1870 2205 15

385 2227 516 2301 ἡμῖν
549 2231 609 2287 δὲ
634 2236 704 2303 γῆ
729 2231 831 2302 μὲν
855 2233 1050 2300 πατρὶς
1075 2230 1177 2287 οὐκ
1205 2229 1498 2304 ἀνώνυμος

383 2316 644 2389 Σπάρτη,
673 2315 849 2387 πατὴρ
878 2317 938 2372 δὲ
970 2318 1327 2389 Τυνδάρεως·
1387 2324 1534 2374 ἔστιν
1560 2318 1621 2373 δὲ
1649 2317 1716 2390 δὴ

383 2400 545 2472 λόγος
569 2426 648 2468 τις
677 2399 748 2467 ὡς
773 2400 913 2467 Ζευς
937 2400 1117 2473 μητέρ’
1148 2400 1323 2459 ἔπτατ’
1357 2409 1432 2468 εἰς
1458 2402 1593 2474 ἐμὴν

381 2486 576 2557 Λήδαν
601 2484 816 2543 κύκνου
842 2485 1161 2559 μορφώματ’
1191 2487 1422 2559 ὄρνιθος
1447 2488 1651 2560 λαβών,

383 2567 442 2635 ὃς
468 2572 658 2628 δόλιον
693 2569 864 2644 εὐνὴν
890 2572 1134 2643 ἐξέπραξ’
1166 2570 1253 2629 ὑπ’
1284 2574 1451 2630 ἀετοῦ
1810 2588 1864 2629 20

385 2661 601 2729 δίωγμα
631 2657 888 2729 φεύγων,
918 2663 968 2713 εἰ
989 2658 1169 2730 σαφὴς
1199 2651 1360 2724 οὗτος
1386 2659 1562 2730 λόγος.

376 2738 563 2813 Ἑλένη
591 2741 641 2798 δ’
672 2743 942 2815 ἐκλήθην·
980 2740 1013 2798 οἳ
1039 2744 1099 2800 δὲ
1125 2743 1488 2815 πεπόνθαμεν
1515 2744 1657 2800 κακά

383 2825 583 2898 λέγοιμ’
613 2825 697 2883 ἄν.
762 2821 937 2899 ἦλθον
963 2843 1107 2899 τρεῖς
1131 2831 1261 2885 θεαὶ
1284 2829 1520 2894 κάλλους
1545 2832 1665 2900 πέρι
