2022 3126
735 94 1175 140 ΗΡΑΚΛΕΙΔΑΙ
1659 94 1761 144 309

116 243 151 291 Ι
151 242 212 291 Ο.
300 232 371 291 σὺ
397 233 609 304 πρόσθε
631 238 770 289 ναοῦ
793 230 948 287 τοῦδ’
977 229 1122 298 ὅπως
1146 240 1304 305 βαίης
1329 236 1509 298 πέλας.

117 326 230 377 ΑΛ.
303 317 405 375 οὐκ
430 312 603 392 ᾖσμεν
626 314 779 388 ἡμεῖς
802 322 999 372 ταῦτα·
1026 323 1108 382 τίς
1134 318 1237 389 γάρ
1263 317 1385 374 ἐσθ’
1413 314 1539 384 ὅδες

114 410 150 459 I
151 411 213 459 Ο.
301 401 505 474 ἥκοντα
530 406 698 458 παῖδα
724 399 919 466 παιδὸς
942 399 1194 472 ἀγγέλλει
1217 405 1402 458 σέθεν.

114 496 229 543 ΑΛ.
302 480 345 543 ὦ
368 500 521 558 χαῖρε
543 487 634 541 καὶ
657 484 726 541 σύ
753 490 936 541 τοῖσδε
959 498 1073 550 τοῖς
1096 483 1443 558 ἀγγέλμασιν.
1677 501 1759 544 660

304 570 439 643 ατὰρ
469 577 527 626 τί
544 571 693 644 χώρᾳ
714 574 846 643 τῇδε
869 569 1202 641 προσβαλών
1223 571 1366 627 πόδα

303 662 412 712 ποῦ
438 661 546 711 νῦν
572 652 793 721 ἅπεστις
818 659 899 719 τίς
921 677 1013 710 νιν
1042 653 1190 726 εἶργε
1215 655 1474 727 συμφορὰ

301 739 408 796 σὺν
433 742 520 795 σοὶ
545 741 789 810 φανέντα
814 736 969 811 δεῦρ’
997 737 1133 810 ἐμὴν
1157 741 1352 809 τέρψαι
1378 741 1582 811 φρένας

115 832 225 880 ΘΕ.
296 824 529 896 στρατὸν
554 829 769 891 καθίζει
791 823 1050 879 τάσσεταί
1066 821 1127 878 θ’
1157 820 1222 879 ὃν
1245 817 1376 894 ἦλθ’
1405 831 1560 895 ἔχων.

112 916 229 964 ΑΛ.
297 906 452 964 τοῦδ’
481 906 675 965 οὐκέθ’
703 905 835 980 ἡμῖν
857 913 956 963 τοῦ
987 908 1158 978 λόγου
1182 911 1395 979 μέτεστι
1419 909 1500 979 δή.
1676 924 1757 968 665

112 1001 147 1048 Ι
147 1001 208 1048 Ο.
298 995 573 1064 μέτεστιν·
601 990 757 1063 ἡμῶν
780 989 832 1048 δ’
864 998 1028 1063 ἔργον
1053 997 1292 1064 ἱστορεῖν
1315 993 1460 1049 τάδε.

111 1084 221 1133 ΘΕ.
293 1084 352 1133 τί
373 1083 508 1149 δῆτα
534 1077 723 1148 βούλει
747 1082 859 1132 τῶν
883 1079 1285 1148 πεπραγμένων
1307 1086 1539 1148 μαθεϊνς

109 1168 146 1217 Ι
145 1169 206 1217 Ο.
297 1162 470 1218 πόσον
492 1183 544 1218 τι
566 1167 781 1233 πλῆθος
803 1161 1103 1232 συμμάχων
1125 1160 1352 1233 πάρεστ’
1382 1168 1549 1233 ἔχωνς

111 1254 220 1302 ΘΕ.
295 1247 531 1312 πολλούς
547 1264 558 1275 ·
584 1243 827 1318 ἀριθμὸν
851 1243 903 1301 δ’
934 1243 1103 1301 ἄλλον
1126 1244 1228 1302 οὐκ
1253 1253 1356 1318 ἔχω
1383 1246 1604 1317 φράσαι.

107 1338 143 1386 Ι
144 1339 204 1386 Ο.
298 1340 506 1401 ἴσασιν,
535 1329 709 1402 οἶμαι,
735 1327 888 1386 ταῦτ’
912 1328 1226 1401 Ἀθηναίων
1251 1331 1467 1402 πρόμοι.
1673 1346 1757 1390 670

110 1423 219 1471 ΘΕ.
293 1424 467 1471 ἴσασι·
494 1416 585 1471 καὶ
611 1414 678 1486 δὴ
705 1413 861 1471 λαιὸν
887 1417 1113 1485 ἕστηκεν
1137 1417 1315 1485 κέρας.

107 1507 142 1554 I
143 1507 204 1555 Ο.
294 1496 399 1571 ἤδη
424 1499 527 1571 γὰρ
554 1496 626 1564 ὡς
652 1505 727 1564 εἰς
753 1506 917 1571 ἔργον
941 1496 1206 1555 ὥπλισται
1229 1500 1482 1571 στρατόςς

107 1592 216 1639 ΘΕ.
293 1586 384 1640 καὶ
409 1583 476 1656 δὴ
501 1590 772 1656 παρῆκται
794 1583 1001 1655 σφάγια
1023 1584 1228 1650 τάξεων
1252 1584 1391 1650 ἑκάς.

105 1675 202 1724 ΙΟ.
293 1669 468 1725 πόσον
491 1691 542 1724 τι
565 1666 619 1725 δ’
651 1666 760 1724 ἔστ’
791 1665 1020 1724 ἄπωθεν
1045 1666 1293 1740 Ἀργεῖον
1317 1669 1485 1741 δόρυς

107 1761 216 1809 ΘΕ.
290 1750 420 1809 ὥστ’
451 1756 744 1824 ἐξορᾶσθαι
769 1751 865 1808 τὸν
889 1752 1196 1825 στρατηγὸν
1218 1756 1490 1825 ἐμφανῶς.
1672 1770 1754 1813 675

109 1845 201 1893 10.
293 1844 350 1893 τί
369 1842 614 1910 δρῶντας
639 1844 759 1909 μῶν
783 1837 1050 1893 τάσσοντα
1076 1844 1353 1909 πολεμίων
1376 1844 1587 1910 στίχαςς

105 1930 213 1978 ΘΕ.
288 1920 557 1995 ᾐκάζομεν
581 1920 732 1977 ταῦτ’
752 1941 763 1951 ·
789 1920 856 1978 οὐ
882 1920 985 1993 γὰρ
1011 1923 1357 1994 ἐξηκούομεν.

294 2004 415 2062 ἀλλ’
445 2005 553 2078 εἶμ’
572 2026 584 2036 ·
612 2007 847 2078 ἐρήμους
869 2007 1137 2072 δεσπότας
1160 2005 1369 2079 τούμὸν
1391 2010 1551 2080 μέρος

293 2089 397 2147 οὐκ
422 2088 492 2147 ἂν
514 2094 733 2163 θέλοιμι
757 2097 1066 2163 πολεμίοισι
1088 2099 1409 2165 συμβαλεῖν.

104 2183 134 2230 Ι
137 2183 196 2231 Ο.
289 2199 507 2248 καγωγε
531 2175 640 2232 σὺν
661 2181 775 2232 σοί·
807 2174 980 2232 ταύτα
1002 2176 1107 2249 γὰρ
1132 2183 1510 2249 φροντίζομεν,
1671 2191 1753 2236 680

295 2266 480 2360 φίλοις
504 2260 798 2362 παρόντες,
826 2284 899 2326 ως
924 2267 1169 2333 ἔοιγμεν,
1195 2258 1451 2333 ωφελεῖν.

101 2352 210 2400 ΘΕ.
287 2342 482 2416 ἥκιστα
508 2344 645 2415 πρὸς
668 2350 770 2401 σοῦ
795 2368 982 2418 μωρον
1005 2348 1076 2417 ἠν
1102 2352 1277 2402 εἰπεῖν
1299 2351 1443 2411 ἔπος.

99 2436 134 2484 Ι
133 2436 196 2483 0
288 2431 381 2485 καὶ
406 2428 478 2500 μὴ
503 2442 791 2501 μετασχεῖν
810 2429 864 2502 γ’
892 2428 1127 2502 ἀλκίμου
1151 2431 1321 2502 μάχης
1345 2436 1541 2502 φίλοις.

101 2520 211 2569 ΘΕ.
289 2537 391 2569 ουκ
415 2512 527 2570 ἔστ’
557 2517 617 2570 ἐν
642 2512 767 2580 οψει
790 2521 1006 2587 τραῦμα
1029 2515 1101 2586 μὴ
1128 2515 1342 2587 δρώσης
1365 2516 1538 2587 χερός.

99 2605 197 2653 ῙΟ.
285 2604 343 2653 τί
371 2603 405 2654 δ
411 2594 456 2664 ’ς
485 2596 553 2654 οὐ
577 2600 799 2670 θένοιμι
822 2595 927 2654 κᾶν
952 2599 1057 2671 ἐγω
1082 2599 1159 2655 δι’
1186 2597 1442 2667 ἇσπίδοςς
1665 2613 1763 2658 685-

99 2689 209 2738 ΘΕ.
287 2684 477 2748 θέλοις
500 2680 595 2753 άν,
623 2681 760 2738 ἀλλὰ
784 2684 1032 2756 πρόσθεν
1056 2682 1220 2750 αὐτὸς
1244 2707 1313 2740 αν
1336 2686 1536 2750 πέσοις.

97 2774 131 2820 Ι
133 2774 193 2821 Ο
286 2764 524 2832 οὐδεὶς”
495 2766 579 2838 εμ’
607 2771 826 2853 ἐχθρων
849 2771 1210 2840 προσβλέπων
1234 2766 1494 2836 ἀνέξεται.

98 2857 208 2906 ΘΕ.
279 2849 382 2907 οὐκ
408 2858 585 2921 ἔστιν
609 2875 650 2907 ω
674 2859 800 2920 τᾶν,
825 2849 862 2923 ἥ
885 2851 1004 2908 ποτ’
1032 2855 1102 2924 ἠν
1125 2853 1275 2925 ρώμη
1298 2855 1484 2909 σέθεν.
