2022 3126
218 74 322 128 392
887 74 1224 121 ΙΚΕΤΙΔΕΣ

412 223 627 282 στείλας
652 214 1050 288 ἐπεστράτευσε
1073 219 1372 285 Καδμείων
1396 212 1575 269 πόλιν.

227 310 337 360 XO.
406 309 521 368 πῶς
546 300 650 374 γὰρ
674 312 906 373 τροπαῖα
929 298 1107 371 Ζηνὸς
1131 300 1346 369 Αἰγέως
1373 296 1531 363 τόκος

412 394 639 459 ἔστησεν
662 390 795 442 οἵτε
817 384 1291 456 συμμετασχόντες
1316 383 1510 454 δορός;

413 474 570 539 λέξον
586 491 597 501 ·
629 470 823 543 παρεὸν
847 469 952 542 γὰρ
977 468 1105 535 τοὺς
1128 469 1405 540 παρόντας
1431 465 1746 539 εὐφρανεῖς.

227 563 380 616 ΑΓΓ.
409 556 630 629 λαμπρὰ
653 556 754 628 μὲν
781 553 933 620 ἀκτὶς
958 552 1119 627 ἡλίου
1145 552 1334 610 κανων
1357 552 1538 626 σαφὴς

415 649 609 714 ἔβαλλε
635 654 823 713 γαῖαν·
854 639 996 712 ἀμφὶ
1023 638 1073 695 δ’
1099 638 1391 710 Ἠλέκτρας
1414 639 1592 703 πύλας

415 734 576 798 ἔστην
600 725 805 797 θεατὴς
831 726 1049 797 πύργον
1076 723 1248 796 εὐαγῆ
1270 723 1475 795 λαβών.

414 810 526 883 ὁρῶ
553 813 615 868 δὲ
639 817 791 884 φῦλα
815 816 941 882 τρία
963 816 1134 882 τριῶν
1158 810 1583 881 στρατευμάτων
1599 828 1610 838 ·

415 897 791 969 τευχεσφόρον
815 897 914 967 μὲν
944 894 1079 952 λαὸν
1105 893 1401 952 ἐκτείνοντ’
1432 893 1547 950 ἅνω

410 981 683 1054 Ἰσμήνιον
707 982 844 1053 πρὸς
870 978 1073 1052 ὄχθον,
1103 979 1175 1046 ὠς
1198 981 1299 1053 μὲν
1324 973 1394 1052 ἦν
1419 981 1596 1051 λόγος,

418 1066 591 1124 αὐτόν
616 1064 664 1122 τ’
693 1064 901 1122 ἄνακτα
918 1109 932 1137 ,
960 1071 1130 1122 παῖδα
1155 1065 1380 1122 κλεινὸν
1408 1067 1640 1137 Αἰγέως,

418 1156 511 1209 καὶ
535 1151 664 1217 τοὺς
688 1151 796 1207 σὺν
823 1149 973 1226 αὐτῷ
999 1150 1184 1218 δεξιὸν
1208 1153 1570 1223 τεταγμένους

417 1242 580 1308 κέρας
607 1243 840 1301 παλαιᾶς
863 1243 1178 1306 Κεκροπίας
1203 1234 1510 1308 οἰκήτορας,

417 1322 574 1380 λαιὸν
600 1323 661 1378 δὲ
686 1322 952 1392 Πάραλον
977 1324 1364 1393 ἐστολισμένον
1391 1326 1542 1391 δορί·

419 1409 630 1481 κρήνην
658 1406 787 1478 παρ’
820 1405 997 1478 αὐτὴν
1023 1405 1284 1479 δ”Ἀρεος
1310 1406 1547 1477 ἱππότην
1573 1402 1737 1476 ὄχλον

420 1493 557 1565 πρὸς
585 1494 943 1565 κρασπέδοισι
969 1495 1346 1565 στρατοπέδου
1373 1492 1706 1564 τεταγμένον

420 1589 573 1644 ἴσους
599 1576 870 1651 ἀριθμόν
899 1575 1158 1650 ἁρμάτων
1184 1576 1234 1634 δ’
1267 1576 1509 1650 ὀχήματα

421 1672 621 1734 ἔνερθε
644 1670 865 1735 σεμνῶν
889 1664 1189 1736 μνημάτων
1207 1661 1520 1735 Ἀμφίονος.

422 1748 655 1821 Κάδμου
681 1749 742 1805 δε
768 1747 896 1813 λαός
920 1751 1053 1820 ἡστο
1078 1749 1293 1822 πρόσθε
1319 1750 1559 1819 τειχέων,

419 1835 657 1907 νεκροὺς
681 1832 918 1891 ὄπισθεν
942 1837 1204 1906 θέμενος,
1233 1858 1312 1890 ων
1337 1831 1500 1890 ἔκειτ’
1532 1831 1699 1903 ἀγών.

423 1925 650 1977 ιππεῦσι
676 1917 726 1976 δ’
759 1924 925 1990 ιππῆς
949 1921 1092 1992 ἦσαν
1115 1918 1569 1990 ἀνθωπλισμένοι

422 2005 771 2077 τετραόροισί
790 2002 841 2059 τ’
873 2002 1014 2061 ἀντί’
1047 2002 1256 2076 ἅρμαθ’
1287 2002 1543 2076 ἅρμασιν.

423 2092 596 2163 κῆρυξ
623 2090 685 2146 δε
710 2091 930 2161 Θησέως
957 2089 1110 2146 εἶπεν
1137 2095 1212 2156 είς
1236 2090 1442 2154 πάντας
1467 2088 1622 2144 τάδε·

423 2180 636 2246 σιγᾶτε,
662 2182 814 2245 λαοί,
840 2187 994 2246 σῖγα,
1021 2179 1320 2247 Καδμείων
1343 2181 1538 2246 στίχες,

423 2258 728 2316 ἀκούσαθ’·
758 2257 912 2331 ἡμεις
936 2257 1143 2332 ἥκομεν
1168 2259 1436 2333 νεκροὺς
1430 2262 1562 2316 ιιέτα

425 2346 607 2411 θάψαι
630 2347 919 2417 θέλοντες
952 2345 1048 2402 τὸν
1072 2346 1452 2417 Πανελλήνων
1475 2344 1650 2416 νόμον

426 2431 718 2501 σώζοντες,
752 2409 921 2486 οὐδὲν
947 2430 1201 2502 δεόμενοι
1226 2445 1402 2488 τεῖναι
1427 2430 1624 2501 φόνον.

424 2514 627 2571 κούδὲν
650 2518 848 2586 Κρέων
871 2515 1048 2573 τοῖσδ’
1078 2514 1451 2588 ἀντεκήρυξεν
1475 2516 1674 2587 λόγοις,

425 2596 547 2656 ἀλλ’
576 2593 694 2672 ἧστ’
723 2598 816 2672 ἐφ’
846 2599 1034 2668 ὅπλοις
1059 2615 1201 2672 σῖγα.
1263 2602 1519 2672 ποιμένες
1543 2597 1596 2656 δ’
1624 2596 1767 2671 ὄχων

427 2687 740 2757 τετραόρων
766 2693 1040 2759 κατῆρχον
1068 2690 1337 2743 ἐντεῦθεν
1361 2686 1533 2758 μάχης
1549 2704 1559 2713 ·

427 2772 601 2842 πέραν
626 2771 687 2827 δὲ
713 2772 1064 2837 διελάσαντες
1087 2769 1344 2843 ἀλλήλων
1367 2769 1548 2842 ὄχους,

426 2856 766 2928 παραιβάτας
792 2862 1025 2929 ἔστησαν
1051 2862 1126 2923 εἰς
1150 2857 1300 2924 τάξιν
1326 2852 1505 2927 δορός.

1805 566 1891 610 650

1810 991 1894 1034 655

1811 1417 1897 1461 660

1813 1842 1896 1886 665

1814 2269 1899 2313 670

1815 2692 1901 2738 675
