2022 3126
657 476 1227 533 ΓΠΟΘΕΣΙΣ.

283 742 495 812 Θησεὺς
517 742 618 812 μὲν
641 736 711 813 ἦν
734 750 952 813 Αὗθρας
976 742 1067 796 καὶ
1091 745 1454 809 Ποσειδῶνος,
1480 740 1735 810 βασιλεὺς

157 826 215 880 δὲ
238 823 575 896 Ἀθηναίων·
609 827 784 897 γήμας
810 825 870 880 δὲ
893 831 1024 896 μίαν
1048 830 1158 879 τῶν
1176 822 1538 895 Ἀμαζονίδων
1555 820 1737 879 Ἱππο-

156 909 352 981 λύτην,
371 907 691 966 Ἱππόλυτον
715 913 974 981 ἐγέννησε
997 908 1185 965 κάλλει
1208 931 1265 963 τε
1289 910 1380 963 καὶ
1404 906 1737 978 σωφροσύνῃ

156 996 507 1065 διαφέροντα.
562 997 679 1050 ἐπεὶ
704 995 764 1050 δὲ
786 992 819 1064 ἡ
843 999 1180 1049 συνοικοῦσα
1206 992 1302 1047 τὸν
1325 998 1449 1063 βίον
1473 991 1738 1062 μετήλλα-

153 1081 271 1147 ξεν,
298 1079 681 1150 ἐπεισηγάγετο
706 1077 988 1150 Κρητικὴν
1011 1090 1274 1149 γυναῖκα,
1311 1075 1410 1148 τὴν
1433 1082 1600 1131 Μίνω
1636 1082 1734 1130 τοῦ
1761 1092 1784 1132 5

154 1169 388 1234 Κρητῶν
421 1166 688 1234 βασιλέως
718 1166 1001 1232 θυγατέρα
1034 1166 1302 1232 Φαίδραν.
1362 1158 1390 1216 ὁ
1427 1161 1488 1216 δὲ
1525 1159 1736 1231 Θησεὺς

153 1247 447 1303 Πάλλαντα
495 1250 591 1303 ἕνα
636 1254 747 1302 τῶν
791 1253 1078 1317 συγγενῶν
1119 1246 1394 1318 φονεύσας
1430 1245 1626 1316 φεύγει
1664 1250 1737 1309 εἰς

160 1338 426 1403 Τροιζῆνα
448 1332 582 1403 μετὰ
607 1338 699 1403 τῆς
722 1332 1008 1402 γυναικός,
1035 1323 1103 1386 οῦ
1127 1332 1419 1401 συνέβαινε
1443 1330 1540 1385 τὸν
1556 1327 1737 1384 Ἱππό-

153 1423 321 1471 λυτον
345 1415 490 1486 παρὰ
512 1424 719 1472 Πιτθεῖ
736 1418 1040 1486 τρέφεσθαι
1055 1435 1066 1445 ·
1093 1416 1406 1486 θεασαμένη
1438 1414 1499 1470 δὲ
1522 1412 1618 1469 τὸν
1643 1436 1737 1468 νε-

153 1507 381 1556 ανίσκον
416 1499 447 1571 ἡ
475 1506 692 1571 Φαίδρα
729 1507 804 1566 εἰς
837 1504 1141 1571 ἐπιθυμίαν
1166 1497 1434 1567 ὤλισθεν,
1476 1496 1579 1554 οῦκ
1605 1495 1737 1554 ἆκό-
1758 1511 1808 1551 10

152 1593 346 1650 λαστος
379 1579 544 1654 οῦσα,
584 1591 868 1657 πληροῦσα
904 1585 966 1640 δὲ
983 1583 1307 1657 Ἀφροδίτης
1340 1589 1532 1654 μῆνιν,
1571 1580 1607 1652 ἢ
1644 1581 1740 1637 τὸν

145 1666 464 1725 Ἱππόλυτον
499 1668 589 1726 διὰ
623 1669 993 1740 σωφροσύνην
1033 1667 1251 1725 ἀνελεῖν
1285 1674 1544 1738 κρίνασα,
1589 1669 1736 1730 τέλος

151 1766 261 1817 τοῖς
286 1764 639 1823 προτεθεῖσιν
664 1760 847 1826 ἔθηκε.
911 1755 1180 1825 στέγουσα
1208 1753 1268 1808 δὲ
1295 1752 1395 1824 τὴν
1418 1752 1587 1807 νόσον
1609 1751 1739 1823 χρό-

150 1862 230 1913 νῳ
265 1838 401 1909 πρὸς
434 1839 535 1911 τὴν
567 1839 778 1910 τροφὸν
802 1845 1044 1910 δηλῶσαι
1077 1837 1430 1909 ἠναγκάσθη,
1468 1858 1741 1906 κατεπαγ-

151 1926 480 1996 γειλαμένην
503 1922 642 1997 αὐτῇ
677 1924 980 1995 βοηθήσειν
995 1942 1005 1952 ·
1053 1920 1169 1994 ἥτις
1193 1920 1330 1978 κατὰ
1352 1921 1454 1993 τὴν
1478 1927 1740 1992 προαίρε-
1758 1935 1809 1976 15

152 2025 242 2063 σιν
278 2006 477 2079 λόγους
512 2009 852 2080 προσήνεγκε
881 2015 956 2082 τῷ
981 2014 1271 2082 νεανίσκῳ.
1329 2005 1741 2076 τραχυνόμενον

152 2093 212 2147 δὲ
248 2089 419 2148 αὐτὸν
459 2092 492 2165 ἡ
522 2099 738 2163 Φαίδρα
771 2099 1167 2164 καταμαθοῦσα
1191 2098 1255 2165 τῇ
1281 2092 1382 2162 μὲν
1404 2095 1591 2164 τροφῷ
1616 2091 1740 2144 ἐπέ-

153 2180 382 2247 πληξεν,
421 2176 597 2249 αὐτὴν
631 2179 691 2233 δὲ
725 2176 1010 2249 ἀνήρτησε.
1069 2174 1201 2232 καθ’
1240 2173 1306 2231 ὃν
1329 2173 1524 2245 καιρὸν
1549 2176 1742 2245 φανεὶς

154 2260 367 2330 Θησεὺς
400 2265 492 2317 καὶ
524 2270 785 2318 καθελεῖν
820 2262 1079 2318 σπεύδων
1113 2260 1212 2331 τὴν
1246 2257 1739 2330 ἄπηγχονισμένην,

154 2337 319 2414 εῦρεν
342 2344 482 2418 αὐτῇ
507 2348 959 2418 προσηρτημένην
984 2347 1202 2414 δέλτον,
1229 2342 1307 2399 δι’
1335 2336 1399 2414 ἧς
1419 2341 1739 2399 Ἱππολύτου
1755 2353 1810 2395 20

154 2427 381 2499 φθοραν
409 2431 700 2534 κατηγόρει
725 2433 816 2485 καὶ
841 2430 1157 2501 ἐπιβουλήν.
1219 2428 1511 2492 πιστεύσας
1550 2428 1610 2483 δε
1633 2439 1742 2492 τοῖς

152 2517 548 2614 γεγραμμένοις
592 2514 688 2570 τὸν
733 2538 834 2584 μεν
861 2512 1182 2570 Ἱππόλυτον
1227 2514 1446 2580 ἐπέταξε
1491 2511 1740 2583 φεύγειν,

153 2596 319 2662 αὐτὸς
353 2598 413 2653 δε
447 2605 520 2673 τῷ
543 2604 856 2654 Ποσειδωνι
893 2597 1028 2669 ἄρας
1053 2604 1240 2666 ε”,θετο
1277 2597 1357 2652 ὧν
1379 2596 1687 2660 ἐπακούσας
1712 2593 1739 2649 ὁ

153 2681 285 2746 θεὸς
307 2682 405 2737 τὸν
423 2680 744 2738 Ἱππόλυτον
768 2684 1107 2754 διέφθειρεν.
1151 2679 1405 2753 ’Ἄρτεμις
1429 2681 1490 2737 δε
1514 2704 1624 2736 των
1648 2702 1741 2751 γε-

152 2768 471 2837 γενημένων
496 2769 725 2823 ἕκαστον
748 2767 1131 2838 διασαφήσασα
1147 2773 1318 2837 Θησεῖ
1327 2809 1340 2835 ,
1366 2763 1465 2836 τὴν
1488 2766 1588 2835 μὲν
1602 2771 1806 2820 diae-25

154 2853 295 2918 δραν
320 2848 387 2906 οῦ
414 2853 818 2920 κατεμέμψατο,
853 2857 1051 2906 τοῦτον
1076 2848 1136 2905 δὲ
1158 2849 1585 2922 παρεμυθήσατο
1612 2851 1741 2904 υἱοῦ
