2022 3126
761 94 1199 147 ΗΡΑΚΛΕΙΔΑΙ

335 242 441 275 των
459 222 667 276 ἀδίκων
686 233 972 314 παραιρῶν

326 291 676 380 φρονήματος
695 290 795 347 ἀεί.

1702 106 1801 160 317

328 364 474 413 ἔστιν
498 363 560 414 ἐν
579 359 800 448 οὐρανῷ
825 366 1072 435 βεβακώς
1575 394 1690 446 στρ.
1715 393 1801 436 910

322 430 444 493 θεὸς
465 430 656 513 γόνος,
679 434 720 485 ὠ
743 436 959 518 γεραιά·

325 499 514 567 φεύγω
536 499 703 568 λόγον
722 501 794 566 ὠς
813 502 911 589 τόν
923 505 1080 560 Ἀιδα

323 568 495 637 δόμον
514 572 714 639 κατέβα
734 573 910 641 πυρὸς

323 640 477 710 δεινᾷ
498 641 662 725 φλογὶ
687 646 841 725 σῶμα
860 646 1130 710 δαισθείς·

310 694 482 776 ’Ήβας
503 705 551 761 τ’
575 709 771 776 ἐρατὸν
792 716 990 799 χροΐζει

320 779 472 844 λεχος
490 780 729 865 χρυσέαν
748 802 849 834 κατ
898 781 1091 838 αὐλάν.

320 867 361 899 ω
395 845 663 931 Ὑμέναιε,
685 849 913 934 δισσοὺς

315 918 511 979 παῖδας
531 915 668 981 Διὸς
687 915 936 986 ἠξίωσας.

1714 740 1798 785 915

317 989 652 1067 συμφέρεται
671 987 738 1040 τὰ
758 990 934 1043 πολλὰ
953 999 1198 1058 πολλοῖς·
1591 1024 1706 1056 αντ.

315 1057 404 1106 καὶ
425 1053 536 1138 γὰρ
550 1058 712 1124 πατρὶ
730 1057 898 1112 τοῖνδ’
927 1057 1171 1118 Ἀθάναν

315 1121 536 1191 λέγουσ’
562 1125 860 1195 ἐπίκουρον
881 1127 1039 1202 εἶναι,

314 1195 403 1247 καὶ
422 1192 621 1248 τούσδε
639 1201 776 1260 θεας
795 1199 953 1263 πόλις

312 1264 402 1317 καὶ
421 1263 550 1326 λαός
570 1267 741 1318 ἔσωσε
765 1274 965 1353 κείνας,

314 1334 468 1418 ἔσχεν
490 1331 544 1386 δ’
567 1332 735 1402 ὕβριν
756 1333 1028 1412 ἀνδρός,
1010 1334 1054 1393 ὦ
1070 1349 1183 1395 θυ-

308 1400 408 1469 μός
427 1404 509 1488 ἠν
516 1405 622 1471 πρὸ
645 1407 798 1469 δίκας
818 1412 1007 1476 βίαιος.

311 1468 509 1540 μήποτ’
510 1473 652 1558 ἐμοὶ
673 1476 933 1546 φρόνημα

305 1541 452 1608 ψυχά
472 1538 522 1594 τ’
545 1540 842 1629 ἀκόρεστος
862 1553 962 1615 εἴη.

143 1611 296 1662 ΑΓΓ.
312 1610 557 1664 δέσποιν’
564 1610 733 1685 ,ὁρᾷς
753 1617 880 1699 μέν,
900 1615 1019 1671 ἀλλ’
1045 1615 1205 1703 ὅμως
1211 1621 1500 1693 εἰρήσεται.

134 2518 244 2563 ΑΛ.

307 1654 610 1763 Εὐρυσθέα
631 1698 718 1736 σοι
737 1657 893 1738 τόνδ’
905 1684 1150 1774 ἄγοντες
1170 1686 1395 1761 ἥκομεν,

307 1746 543 1803 ἄελπτον
563 1749 694 1815 ὄψιν
714 1755 855 1838 τῷδέ
870 1753 917 1809 τ’
947 1755 1048 1824 οὐχ
1072 1751 1245 1826 ἧσσον
1280 1763 1474 1847 τύχην·

307 1816 374 1871 οὐ
372 1840 501 1904 γαρ
522 1817 646 1874 ποτ’
669 1819 824 1892 ηὔχει
843 1835 1022 1894 χεῖρας
1039 1829 1254 1890 ἵξεσθαι
1267 1830 1455 1915 σέθεν,

304 1884 385 1940 ὅτ’
410 1889 470 1942 ἐκ
489 1896 782 1959 Μυκηνῶν
807 1895 1107 1966 πολυπόνῳ
1124 1895 1231 1950 συν
1250 1895 1439 1953 ἀσπίδι

308 1960 509 2027 ἔστειχε
529 1966 713 2046 μεῖζον
736 1967 830 2030 τῆς
835 1965 1010 2049 δίκης
1025 1971 1290 2054 φρονῶν,
1316 1972 1480 2024 πόλιν

305 2028 522 2093 πέρσων
542 2026 795 2095 Ἀθανας.
818 2028 956 2087 ἀλλὰ
979 2033 1080 2103 τὴν
1099 2037 1354 2090 ἐναντίαν

291 2098 508 2178 δαίμων
529 2101 698 2187 ἔθηκε
717 2101 807 2154 καὶ
826 2105 1150 2192 μετέστησεν
1169 2106 1356 2176 τύχην.

291 2162 479 2230 ’Τλλος
498 2189 599 2235 μεν
620 2171 725 2223 οὐν
746 2168 778 2223 ὅ
802 2192 830 2224 τ
838 2169 1074 2238 ’ἐσθλὸς
1090 2172 1294 2239 Ιόλεως
1314 2179 1506 2246 βρέτας

302 2232 438 2298 Διὸς
456 2242 722 2326 τροπαίου
740 2246 1094 2296 καλλίνικον’“
1082 2247 1331 2297 ίστασαν·

301 2304 418 2372 ἐμοὶ
438 2303 496 2358 δε
518 2306 654 2394 πρὸς
671 2309 731 2361 σὲ
751 2308 905 2363 τόνδ’
936 2313 1308 2367 ἑπιστέλλουσ’
1334 2314 1506 2403 ἄγειν,

300 2375 492 2438 τέρψαι
510 2377 769 2442 θέλοντες
779 2378 892 2463 σὴν
916 2379 1097 2450 φρέν’·
1119 2385 1179 2436 ἐκ
1199 2382 1305 2453 γὰρ
1328 2384 1593 2472 εὐτυχοῦς

298 2439 525 2512 ἥδιστον
544 2445 750 2530 ἐχθρὸν
770 2445 954 2538 ἄνδρα
967 2452 1347 2539 δυστυχοῦνθ’
1369 2452 1526 2524 ὁρᾶν.

303 2513 344 2564 ω’
366 2523 548 2584 μῖσος,
571 2515 747 2589 ἥκεις·
735 2558 749 2582 ,
772 2513 880 2572 εἷλέ
902 2517 954 2572 σ’
978 2530 1011 2589 η
1031 2526 1174 2611 Δίκη
1194 2523 1400 2597 χρόνῳ·
1389 2565 1402 2590 ,

303 2586 522 2646 πρῶτον
541 2606 640 2653 μεν
663 2589 768 2640 οὐν
787 2608 880 2672 μοι
901 2587 1056 2659 δεῦρ’
1082 2593 1410 2678 ἐπίστρεψον
1429 2594 1570 2664 κάρα

299 2658 389 2703 καὶ
408 2657 568 2720 τλῆθι
591 2676 719 2720 τους
738 2655 872 2721 σούς
891 2661 1305 2748 προσβλέπειν’
1278 2668 1528 2718 εναντίον

303 2720 559 2789 ἐχθρούς·
575 2736 774 2798 κρατεῖ
788 2727 893 2812 γὰρ
915 2733 1023 2781 νῦν
1041 2750 1105 2814 γε
1123 2729 1226 2784 κού
1247 2743 1460 2799 κρατεῖς
1480 2737 1574 2790 ἔτι.

301 2791 525 2855 [ἐκεῖνος
548 2789 596 2845 εἶ
610 2793 681 2847 σύ
697 2794 1008 2867 ,βούλομαι
1027 2797 1131 2869 γὰρ
1159 2803 1395 2866 είδέναι,]

645 2875 804 2919 910-
817 2878 991 2922 918—-
922 2907 991 2916 .-
1014 2880 1173 2924 919-
1189 2881 1273 2926 927

1710 1086 1794 1130 920

1705 1432 1789 1476 925

1703 1781 1787 1824 930

1700 2124 1782 2168 935

1695 2471 1778 2514 940

1691 2817 1776 2860 945
