2022 3126
131 342 250 390 ΠΗ.

126 481 239 530 ΧΟ.

128 550 251 599 ΠΗ.

125 690 239 738 XO.

118 759 250 833 ΠΗ.

130 1038 238 1086 XO.

125 1457 223 1505 ΘΕ
230 1456 286 1504 Τ.

714 134 821 179 AN
818 130 1169 178 APOMAXH
1716 126 1781 174 85

317 263 413 319 τίν’
440 262 588 319 αι’ων’
613 267 688 326 εἰς
707 261 766 316 τὸ
790 261 986 315 λοιπὸν
1007 261 1169 323 ἕξειςς
1670 273 1783 316 1215

315 334 541 397 ἄτεκνος
565 337 790 415 ἔρημος,
814 330 917 384 οὐκ
939 334 1078 397 ἔχων
1101 333 1268 396 πέρας
1287 348 1474 381 κακων
1531 326 1644 381 ἀντ.
1666 351 1690 395 Ι

319 409 352 459 δ
356 402 645 487 ιαντλησω
649 399 859 464 πόνους
879 403 931 463 ἐς
939 398 1148 453 Ἀιδαν.

317 476 501 562 μάτην
513 472 577 526 δέ
593 469 645 523 σ’
671 473 730 524 έν
751 469 1008 551 γάμοισιν
1034 465 1279 537 ὤλβισαν
1297 470 1438 521 θεοί.
1525 463 1640 520 ἀντ.
1665 468 1711 536 β

319 540 642 613 ἄμπτάμενα
664 544 886 609 φροῦδα
908 537 1084 592 πάντα
1105 548 1276 590 κεῖται

316 614 546 681 κόμπων
564 615 874 698 μεταρσίων
896 604 1102 675 πρόσω.
1674 621 1785 661 1220

316 682 512 769 μόνος
505 683 761 736 ιιόνοισιν
781 682 841 732 ἐν
863 678 1054 746 δόμοις
1076 674 1423 744 ἀναστρέφει.

316 748 500 806 οὐκέτ’
526 754 638 804 ἔστι
659 772 751 818 μοι
772 750 949 815 πόλις,

317 822 565 906 σκῆπτρά
599 819 649 873 τ’
691 823 886 887 ἐρρέτω
917 819 1065 886 τάδε,

316 892 385 946 σύ
417 888 458 945 τ’
493 893 533 944 (15
555 888 666 943 κατ’
691 888 861 955 άντρα
882 888 1046 955 νύχια
1064 887 1295 952 Νηρέως
1315 883 1470 951 κόρη,

316 960 689 1053 πανώλεθρον
723 959 770 1026 μ’
803 957 964 1014 ὄψεαι
985 960 1265 1008 πίτνοντα.
1676 969 1785 1008 1225

316 1030 378 1085 ἰώ
403 1031 492 1084 ι’ω’

314 1106 368 1154 τί
384 1105 691 1167 κεκίνηται;
716 1103 865 1161 τίνος
884 1094 1219 1162 αισθάνομαι

312 1175 504 1232 θείου·
526 1174 752 1238 κοῦραι
775 1162 1015 1221 λεύσσετ’
1042 1148 1347 1231 άθρήσατε·

314 1244 526 1309 δαίμων
546 1237 641 1293 ὅδε
660 1260 741 1301 τις
764 1236 968 1304 λευκὴν
989 1235 1186 1298 αἰθέρα

317 1310 777 1379 πορθμευόμενος
797 1313 908 1360 τῶν
931 1304 1249 1373 ιπποβότων

317 1385 497 1443 Φθίας
518 1359 725 1433 πεδίων
747 1381 1033 1447 ἐπιβαίνει.
1678 1387 1789 1428 1230

319 1455 535 1533 Πηλεῦ
558 1448 721 1517 χάριν
742 1453 858 1500 σῶν
879 1450 992 1499 τῶν
1011 1443 1186 1511 πάρος
1206 1443 1621 1511 νυμφευμάτων

311 1517 427 1587 ἥκω
448 1520 604 1582 Θέτις
624 1522 863 1571 λιποῦσα
883 1516 1116 1582 Νηρέως
1138 1513 1360 1581 δόμους.

315 1591 405 1644 καὶ
426 1610 617 1655 πρωτα
637 1590 738 1656 μέν
757 1603 844 1639 σοι
865 1597 977 1648 τοῖς
996 1599 1342 1649 παρεστωσιν
1365 1593 1553 1645 κακοῖς

316 1660 487 1747 μηδέν
512 1682 562 1712 τι
585 1663 709 1711 λίαν
731 1661 1047 1742 δυσφορειν
1057 1653 1364 1723 παρῄνεσα·

312 1728 462 1796 κάγω
487 1726 620 1795 γάρ,
648 1724 718 1796 ἣν
738 1721 992 1781 ἄκλαυστ’
1022 1725 1185 1791 ἐχρῆν
1206 1743 1408 1774 τικτειν
1429 1722 1608 1787 τέκνα,
1676 1733 1787 1775 1235

319 1796 558 1852 άπῶλεσ’
586 1801 645 1850 ἐκ
666 1802 771 1850 σοῦ
793 1799 959 1849 παῖδα
979 1792 1077 1847 τὸν
1099 1813 1270 1860 ταχυν
1291 1791 1464 1853 πόδας

310 1869 552 1957 Ἀχιλλέα.
575 1872 809 1921 τεκοῦσα
832 1884 1052 1932 πρωτον
1066 1861 1337 1947 Ελλάδος.

316 1961 396 1993 ων
422 1938 473 1992 δ’
519 1934 680 1993 εινεκ’
705 1931 890 2020 ἦλθον
906 1953 1162 2020 σημανω,
1187 1932 1256 1984 σὺ
1280 1927 1332 1983 δ’
1359 1930 1602 1998 ἐνδέχου.

317 2008 417 2062 τὸν
436 2008 538 2077 μὲν
558 2006 807 2061 θανόντα
828 2003 986 2059 τόνδ’
1006 2002 1216 2088 ’ᾼχιλλ’
1188 2023 1288 2064 εως
1309 2001 1480 2067 γόνον

315 2079 506 2140 θάψον
528 2078 802 2144 πορεύσας
821 2072 1089 2162 Πυθικὴν
1111 2071 1250 2138 πρὸς
1269 2071 1522 2154 ἐσχάραν,
1679 2082 1791 2123 1240

313 2156 558 2217 Δελφοις
580 2145 824 2214 όνειδος,
848 2144 921 2208 ως
942 2142 1256 2212 ἀπαγγέλλῃ
1276 2141 1450 2207 τάφος

318 2219 498 2286 φόνον
519 2223 702 2305 βίαιον
722 2222 816 2301 τῆς
839 2213 1142 2300 Ὀρεστείας
1161 2208 1342 2295 χερός·

315 2301 552 2356 γυναῖκα
573 2285 624 2342 δ’
650 2285 1020 2371 αἰχμάλωτον,
1038 2279 1417 2368 Ἀνδρομάχην
1437 2281 1596 2347 λέγω,

317 2363 645 2412 Μολοσσίαν
665 2379 769 2425 γην
791 2356 892 2425 χρὴ
911 2358 1249 2440 κατοικῆσαι,
1272 2351 1456 2435 γέρον,

309 2425 507 2499 Ελένω
529 2434 1032 2511 συναλλαχθεῖσαν
1032 2421 1273 2484 εὖναίοις
1293 2419 1505 2505 γάμοις,
1681 2430 1790 2472 1245

318 2500 408 2551 καὶ
429 2502 595 2552 παῖδα
615 2496 778 2552 τόνδε
803 2517 915 2548 των
937 2491 1032 2547 ἀπ’
1058 2496 1274 2546 Αἰακοῦ
1296 2488 1473 2558 μόνον

321 2570 675 2654 λελειμμένον
697 2564 791 2634 δή·
828 2567 1053 2636 βασιλέα
1075 2559 1210 2615 δ’ἐκ
1231 2563 1396 2613 τοῦδε
1417 2555 1519 2626 χρὴ

321 2633 491 2690 αλλον
508 2634 574 2691 δι’
614 2636 787 2690 άλλου
810 2639 1115 2702 διαπερᾶν
1100 2634 1420 2692 ΛΜολοσσίας

322 2703 814 2795 ευδαιμονοῦντας·
854 2701 922 2758 οὐ
930 2702 1050 2789 γὰρ
1074 2696 1173 2755 ωδ’
1201 2697 1508 2752 ἀνάστατον

322 2775 482 2844 γένος
502 2777 763 2844 γενέσθαι
784 2778 871 2828 δεῖ
886 2773 945 2828 τὸ
990 2772 1091 2826 σὸν
1111 2768 1308 2857 κάμόν,
1330 2770 1511 2836 γέρον,
1682 2777 1790 2818 1250

324 2849 523 2912 Τροίας
542 2866 623 2897 τε·
655 2847 745 2898 καὶ
764 2866 868 2912 γαρ
891 2853 1071 2897 θεοισι
1089 2838 1344 2906 κάκεινης
1361 2838 1527 2905 μέλει
