2022 3126
223 119 325 175 150

229 2060 339 2107 XO.

228 2228 339 2276 ΕΚ.

929 122 1176 168 ΕΚΑΒΗ

411 260 620 321 οὔκουν
645 260 764 319 τόδ’
792 262 1046 334 αἰσχρόν,
1074 267 1124 316 εἰ
1144 263 1405 362 βλέποντι
1434 262 1536 333 μὲν
1561 268 1706 337 φίλω

408 346 712 421 χρωμεσθζ
739 349 856 403 ἐπεὶ
881 346 936 403 δ’
956 350 1153 412 ὄλωλε
1213 346 1286 418 μὴ
1311 344 1591 418 χρώμεσθ’
1621 353 1729 416 ἕως

412 435 548 490 εἷεν·
584 439 642 488 τί
662 431 784 503 δῆτ’
812 437 928 504 ε’ρεῖ
948 455 1054 502 τις,
1082 429 1151 502 ἤν
1175 454 1255 495 τις
1278 434 1351 486 αὐ
1378 437 1528 504 φανῇ

411 524 648 591 στρατοῦ
672 515 719 572 τ’
750 515 1005 589 ἅθροισις
1029 522 1307 587 πολεμίων
1332 514 1379 571 τ’
1409 514 1653 587 ἀγωνίας

412 605 617 674 πότερα
640 600 947 674 μαχούμεθ’
977 598 1011 672 ἦ
1035 601 1503 673 φιλοψυχήσομεν,
1796 617 1880 659 315

411 689 509 745 τὸν
531 685 878 745 κατθανόνθ’
912 685 1146 757 ὁρῶντες
1177 683 1244 742 οῦ
1269 686 1607 757 τιμώμενον;

410 777 503 831 καὶ
525 773 636 846 μὴν
659 780 842 845 ἔμοιγε
867 778 1025 840 ζῶντι
1049 774 1166 842 μέν,
1194 770 1328 826 καθ’
1356 769 1567 842 ἡμέραν

409 866 498 916 κεί
518 857 704 931 σμίκρ’
735 865 926 929 ἔχοιμι,
954 854 1115 912 πάντ’
1143 853 1213 911 ἂν
1237 854 1554 924 ἀρκούντως
1580 862 1718 927 ἔχοι·

411 946 624 1017 τύμβον
649 944 710 1000 δὲ
735 949 1044 1015 βουλοίμην
1069 938 1137 996 ἂν
1162 939 1493 1012 ἀξιούμενον

410 1030 508 1087 τὸν
532 1028 665 1101 ἐμὸν
689 1026 955 1100 ὁρᾶσθαι·
989 1025 1080 1082 διὰ
1105 1033 1319 1099 μακροῦ
1345 1025 1449 1096 γὰρ
1482 1023 1515 1096 ἡ
1540 1025 1709 1096 χάρις.
1798 1039 1884 1082 326

414 1121 466 1172 εἰ
487 1113 538 1170 δ’
569 1113 761 1183 οἰκτρὰ
785 1114 1016 1184 πάσχειν
1042 1112 1176 1183 φής,
1205 1110 1324 1168 τάδ’
1356 1107 1632 1166 ἆντοὲκουέ
1653 1129 1785 1182 μου·

412 1202 554 1257 εἰσὶν
578 1197 708 1269 παρ’
739 1196 869 1270 ἡμῖν
896 1195 1064 1253 οὐδὲν
1093 1189 1267 1268 ἧσσον
1292 1195 1485 1252 ἄθλιαι

412 1297 599 1357 γραῖαι
625 1297 885 1354 γυναῖκες
908 1280 1006 1353 ἠδὲ
1032 1288 1338 1353 πρεσβῦται
1360 1283 1545 1349 σέθεν,

409 1370 627 1473 νύμφαι
652 1367 699 1422 τ’
731 1366 973 1438 ἀρίστων
998 1373 1261 1437 νυμφίων
1286 1366 1609 1437 τητωμεναι,

413 1457 492 1511 ὠν
517 1452 616 1526 η’δε
640 1453 836 1509 κεύθει
867 1449 1074 1523 σωμα’τ
1100 1449 1267 1507 Ἰδαία
1293 1451 1461 1515 κόνις.
1804 1464 1887 1507 325

413 1540 584 1611 τόλμα
607 1536 756 1595 τάδ’·
788 1536 942 1609 ἡμεῖς
968 1534 1021 1592 δ’
1051 1542 1101 1592 εἰ
1122 1544 1303 1601 κακῶς
1333 1542 1625 1607 νομίζομεν

412 1632 576 1696 τιμᾶν
601 1623 698 1680 τὸν
723 1624 956 1691 ἐσθλόν,
986 1619 1235 1693 ἀμαθίαν
1262 1619 1603 1692 ὀφλήσομεν·

413 1716 470 1767 οἱ
488 1711 760 1782 βάρβαροι
787 1710 848 1764 δὲ
871 1708 1006 1779 μήτε
1031 1705 1158 1772 τοὺς
1183 1713 1381 1776 φίλους
1407 1712 1606 1777 φίλους

415 1794 644 1867 ἡγεῖσθε
669 1794 802 1866 μήτε
831 1792 958 1858 τούς
984 1798 1164 1857 καλῶς
1187 1791 1525 1862 τεθνηκότας

411 1877 746 1951 θαυμάζεθ’,
775 1876 846 1944 ὡς
872 1874 941 1933 ἂν
966 1874 999 1948 ἡ
1023 1878 1125 1948 μὲν
1141 1874 1329 1941 Ἑλλὰς
1356 1873 1577 1947 εὐτυχῇ,
1803 1888 1889 1931 330

413 1963 569 2036 ὑμεῖς
595 1962 646 2020 δ’
677 1961 834 2035 ἔχηθ’
865 1960 1026 2034 όμοια
1050 1975 1162 2025 τοῖς
1187 1960 1579 2032 βουλεύμασιν.

414 2057 552 2107 αἰαῖ·
587 2049 645 2105 τὸ
672 2054 876 2105 δοῦλον
903 2071 973 2112 ως
997 2045 1171 2102 κακὸν
1198 2043 1404 2116 πέφυκ’
1437 2042 1521 2099 ἀεὶ

413 2141 585 2208 τολμᾷ
611 2132 670 2190 θ’
701 2131 734 2188 οἱ
761 2132 835 2205 μὴ
863 2132 992 2203 χρή,
1017 2139 1082 2204 τῇ
1109 2138 1205 2204 βίᾳ
1230 2131 1557 2201 νικώμενον.

413 2214 456 2276 ὦ
480 2220 758 2291 θύγατερ,
785 2215 948 2289 οὑμοὶ
973 2216 1073 2287 μὲν
1096 2217 1251 2287 λόγοι
1275 2214 1412 2287 πρὸς
1436 2217 1637 2285 αἰθέρα

416 2309 659 2377 φροῦδοι
682 2303 860 2375 μάτην
887 2303 1140 2374 ῥιφέντες
1165 2299 1307 2372 ἀμφὶ
1333 2306 1436 2356 σοῦ
1463 2300 1672 2371 φόνου·
1805 2311 1890 2355 335

416 2389 485 2446 σύ
512 2387 564 2445 δ’
596 2398 720 2445 εἴτι
744 2395 906 2459 μείζω
934 2386 1175 2457 δύναμιν
1199 2383 1232 2455 ἢ
1257 2385 1433 2457 μήτηρ
1459 2391 1613 2455 ἔχεις,

417 2474 691 2542 σπούδαζε
718 2474 892 2537 πάσας
919 2469 1047 2526 ὥστ’
1077 2469 1312 2541 ἀηδόνος
1338 2470 1509 2540 στόμα

417 2559 674 2631 φθογγὰς
700 2563 867 2628 ἱεῖσα,
893 2555 965 2628 μὴ
990 2563 1331 2627 στερηθῆναι
1354 2561 1498 2626 βίου.

419 2644 728 2714 πρόσπιπτε
753 2641 806 2699 δ’
837 2647 1067 2711 οἰκτρῶς
1092 2639 1247 2696 τοῦδ’
1274 2638 1582 2704 Ὀδυσσέως
1607 2636 1746 2708 γόνυ

417 2731 509 2784 καὶ
533 2727 686 2784 πεῖθ’
709 2748 718 2757 ·
755 2735 893 2799 ἔχεις
918 2727 979 2782 δὲ
1004 2726 1313 2797 πρόφασιν·
1347 2731 1459 2780 ἔστι
1483 2721 1588 2795 γὰρ
1617 2724 1783 2778 τέκνα
1804 2732 1890 2777 340

420 2814 512 2870 καὶ
535 2819 702 2887 τῷδε,
728 2811 828 2883 τὴν
853 2811 958 2882 σὴν
982 2809 1110 2866 ὥστ’
1141 2814 1476 2880 ε’ποικτεῖραι
1501 2808 1688 2879 τύχην.

504 2904 525 2914 ευ

230 2902 393 2962 ΠΛΞ.
413 2896 525 2966 ὁρω
553 2895 626 2968 σ’,
646 2895 944 2963 Ὀδυσσεῦ,
973 2894 1158 2962 δεξιὰν
1184 2891 1286 2965 ὑφ’
1319 2899 1532 2962 εἵματος
