2022 3126
261 120 362 170 228
957 125 1054 170 EA
1062 126 1213 173 ENH

449 268 630 320 ἔδωκα
645 307 659 334 ,
684 264 878 335 χρόνια
901 272 1102 338 νίπτρα
1125 273 1391 339 ποταμίας
1417 267 1642 338 δρόσου.

448 346 570 404 ἀλλ’
600 351 806 422 ἐκπερᾷ
829 349 934 422 γὰρ
961 351 1232 422 δωμάτων
1255 349 1283 407 ὁ
1307 350 1437 416 τοὺς
1463 350 1629 422 ἐμοὺς
1814 366 1924 410 1385

451 433 660 504 γάμους
686 435 935 506 ἑτοίμους
959 439 1019 491 ἐν
1043 448 1229 508 χεροῖν
1254 442 1397 507 ἔχειν
1421 441 1623 502 δοκῶν,

449 520 704 590 σιγητέον
725 538 843 590 μοι·
871 522 964 575 καὶ
990 520 1050 576 σὲ
1081 520 1538 593 προσποιούμεθα

451 600 657 659 εὔνουν
679 617 904 676 κρατεῖν
935 628 995 660 τε
1019 606 1307 676 στόματος,
1333 601 1405 677 ἢν
1429 605 1733 677 δυνώμεθα

446 689 724 753 σωθέντες
748 685 907 745 αὐτοὶ
931 691 1023 745 καὶ
1046 690 1107 746 σὲ
1130 696 1420 746 συνσῶσαί
1441 713 1588 746 ποτε.

259 778 470 827 ΘΕΟΚ.
496 770 714 843 χωρεῖτ’
743 776 963 845 ἐφεξῆς,
993 772 1064 839 ὥς
1090 781 1276 841 ἔταξεν
1301 773 1329 831 ὁ
1353 776 1523 846 ξένος,
1815 787 1925 831 1390

447 861 654 929 δμῶες,
682 859 944 930 φέροντες
971 859 1161 916 ἐνάλια
1185 865 1534 932 κτερίσματα.

440 939 656 1013 Ἑλένη,
691 938 759 996 σῦ
794 935 870 1010 δ’,
903 938 974 1011 ἦν
1007 958 1091 996 σοι
1119 940 1193 1013 μὴ
1225 945 1407 1006 κακῶς
1439 939 1581 1007 δόξω
1613 939 1813 1011 λέγειν,

445 1032 677 1097 πείθου,
703 1024 826 1097 μέν’
857 1024 1057 1083 αὐτοῦ’
1090 1023 1263 1082 ταῦτα
1287 1025 1392 1097 γὰρ
1419 1025 1674 1098 παροῦσά
1697 1047 1755 1081 τε

445 1111 665 1182 πράξεις
690 1110 787 1167 τὸν
813 1109 991 1183 ἄνδρα
1015 1110 1113 1168 τὸν
1137 1110 1238 1167 σὸν
1262 1108 1331 1183 ἥν
1355 1134 1413 1167 τε
1436 1109 1510 1183 μὴ
1537 1116 1730 1184 παρῇς.

445 1198 668 1252 δέδοικα
691 1196 794 1268 γάρ
820 1214 880 1252 σε
904 1198 978 1267 μή
1007 1220 1087 1262 τις
1116 1195 1368 1268 ἐμπεσών
1391 1196 1567 1262 πόθος
1814 1208 1923 1252 1395

446 1287 608 1354 πείσῃ
633 1290 891 1352 μεθεῖναι
914 1278 1052 1352 σῶμ’
1082 1284 1135 1346 ἐς
1160 1280 1323 1353 οἶδμα
1347 1280 1577 1337 πόντιον

444 1371 542 1421 τοῦ
567 1366 819 1437 πρόσθεν
844 1363 1046 1438 ἀνδρὸς
1069 1366 1290 1438 χάρισιν
1315 1367 1769 1438 ἐκπεπληγμένην
1785 1383 1795 1393 ·

448 1448 590 1523 ἄγαν
614 1450 718 1523 γὰρ
745 1447 919 1507 αὐτὸν
945 1448 1013 1507 οῦ
1038 1447 1285 1522 παρόνθ’
1316 1447 1462 1522 ὅμως
1486 1453 1711 1515 στένεις.

259 1542 363 1591 ΕΛ.
436 1528 480 1590 03
520 1536 708 1603 καινὸς
744 1532 877 1608 ἡμῖν
901 1536 1085 1607 πόσις,
1111 1533 1425 1607 ἀναγκαίως
1449 1541 1559 1607 ἔχει

445 1619 509 1675 τὰ
538 1627 727 1692 πρῶτα
752 1623 951 1691 λέκτρα
976 1621 1260 1693 νυμφικάς
1283 1618 1345 1676 θ’
1376 1618 1593 1692 ὁμιλίας
1816 1634 1924 1676 1400

446 1711 635 1777 τιμᾶν·
665 1704 770 1777 ἐγω
804 1706 865 1762 δὲ
891 1704 983 1762 διὰ
1007 1705 1067 1762 τὸ
1094 1706 1196 1777 μὲν
1224 1708 1478 1778 στέργειν
1500 1706 1664 1762 πόσιν

448 1793 540 1845 καὶ
564 1789 897 1862 ξυνθάνοιμ’
926 1789 1022 1847 ἅν·
1051 1789 1190 1847 ἀλλὰ
1214 1797 1296 1857 τίς
1322 1797 1491 1866 κείνω
1519 1791 1674 1865 χάρις

443 1874 544 1942 ξῦν
569 1876 910 1933 κατθανόντι
934 1886 1268 1944 κατθανεῖν;
1296 1884 1357 1934 ἔα
1383 1881 1417 1931 δ
1423 1873 1436 1894 ’
1467 1875 1561 1947 ἐμὲ

446 1957 623 2032 αὐτὴν
645 1967 929 2032 μολοῦσαν
956 1962 1188 2033 ἐντάφια
1213 1966 1415 2018 δοῦναι
1434 1967 1634 2036 νεκρῷ.

444 2047 572 2101 θεοὶ
598 2045 659 2101 δὲ
683 2053 776 2101 σοί
800 2070 857 2101 τε
882 2051 1035 2102 δοῖεν
1061 2042 1136 2102 οἷ’
1165 2045 1272 2117 ἐγω
1298 2048 1468 2116 θέλω,
1814 2060 1922 2102 1405

445 2132 540 2186 καὶ
565 2136 641 2205 τῷ
667 2133 803 2207 ξένῳ
829 2128 982 2203 τῷδ’,
1013 2128 1097 2187 ὅτι
1123 2144 1462 2187 συνεκπονεῖ
1481 2130 1627 2186 τάδε.

449 2219 585 2283 ε’ξεις
611 2218 678 2271 δέ
697 2213 755 2287 μ’
785 2221 909 2272 οἵαν
931 2217 1035 2288 χρή
1059 2213 1112 2272 σ’
1143 2222 1289 2287 ἔχειν
1317 2220 1377 2272 ἐν
1402 2216 1617 2287 δώμασι

447 2297 692 2372 γυναῖκ’,
720 2299 911 2372 ἐπειδὴ
935 2303 1240 2357 Μενέλεων
1265 2299 1572 2373 εὐεργετεῖς

448 2383 577 2457 κάμ’
597 2405 607 2415 ·
637 2392 851 2458 ἔρχεται
874 2385 979 2459 γὰρ
1006 2387 1075 2458 δή
1102 2384 1209 2442 τιν’
1245 2393 1321 2453 εἰς
1346 2387 1518 2458 τύχην
1542 2386 1697 2442 τάδε·

449 2468 596 2536 ὅστις
621 2472 681 2528 δὲ
707 2472 872 2528 δώσει
895 2478 1041 2527 ναῦν
1066 2475 1126 2527 ἐν
1151 2465 1186 2545 ᾗ
1212 2469 1334 2528 τάδ’
1366 2470 1584 2543 ἄξομεν,
1813 2484 1920 2526 1410

445 2557 779 2627 πρόσταξον,
807 2555 881 2623 ὡς
903 2553 972 2612 ἂν
996 2556 1098 2628 τὴν
1122 2557 1284 2629 χάριν
1310 2558 1490 2628 πλήρη
1516 2556 1684 2628 λάβω.

260 2646 470 2696 ΘΕΟΚ.
497 2642 663 2711 χώρει
690 2641 761 2698 σὺ
786 2645 879 2698 καὶ
901 2647 1046 2698 ναῦν
1071 2647 1254 2698 τοῖσδε
1279 2642 1720 2714 πεντηκόντορον

446 2731 735 2782 Σιδωνίαν
760 2727 855 2792 δὸς
879 2724 1166 2798 κάρετμῶν
1192 2727 1494 2792 ἐπιστάτας.

259 2817 366 2864 ΕΛ.
445 2809 657 2866 οὔκουν
681 2809 766 2868 ὅδ’
798 2810 949 2884 ἄρξει
971 2811 1102 2877 ναὸς
1127 2809 1186 2877 ὃς
1209 2825 1407 2883 κοσμεῖ
1425 2812 1631 2883 τάφον;

260 2901 470 2950 ΘΕΟΚ.
500 2895 736 2967 μάλιστ’·
772 2896 1001 2953 ἀκούειν
1025 2902 1190 2953 τοῦδε
1216 2896 1319 2969 χρὴ
1343 2896 1549 2961 ναύτας
1577 2891 1756 2966 ἐμούς.
1813 2905 1920 2948 1415
