2022 3126
867 57 1113 106 ΕΛΕΝΗ
1697 62 1797 112 235
1859 82 1862 86 ’

336 200 590 263 ἔπιπτον,
617 190 746 249 οἵδ’
776 190 1094 266 ὠρθοῦντο,
1121 197 1251 263 τοὺς
1276 199 1336 255 δὲ
1359 202 1646 270 κειμένους
1688 218 1797 259 1605

333 277 566 349 νεκροὺς
591 273 660 332 ἂν
685 277 842 343 εἶδες.
878 282 1174 346 Μενέλεως
1200 282 1252 338 δ’
1280 290 1419 354 ἔχων
1446 281 1603 349 ὅπλα,

332 357 444 433 ὅπῃ
486 375 704 418 νοσοῖεν
726 362 994 433 ξύμμαχοι
1016 373 1394 437 κατασκοπῶν,

334 446 504 518 ταύτῃ
529 452 773 517 προσῆγε
796 449 938 518 χειρὶ
961 453 1114 522 δεξιᾷ
1142 452 1312 521 ξίφος,

331 527 461 585 ὥστ’
490 533 840 602 ἐκκολυμβᾶν
865 532 1021 597 ναός·
1055 531 1311 635 ἠρήμωσε
1336 537 1396 591 δὲ

333 621 448 669 σῶν
470 621 765 686 ναυβατῶν
792 614 982 687 ἐρέτμ’.
1019 615 1108 673 ἐπ’
1139 620 1343 675 οἰάκων
1367 620 1427 675 δὲ
1451 620 1551 691 βὰς
1689 636 1796 679 1610

331 696 466 765 αναξ
494 702 546 764 ἐς
562 696 774 755 Ελλάδ’
806 700 958 757 εἶπεν
984 700 1255 759 εὐθύνειν
1279 705 1434 775 δόρυ.

331 792 390 842 οἳ
414 784 468 839 δ’
504 785 637 841 ἱστί’
668 777 823 857 ᾖρον,
851 808 1036 856 ουριαι
1062 784 1114 841 δ’
1144 780 1282 858 ἧκον
1306 797 1487 857 πνοαί,

330 873 525 938 βεβᾶσι
550 865 602 923 δ’
631 872 689 924 ἐκ
716 876 836 940 γῆς
863 869 1158 941 διαφυγών
1183 870 1236 927 δ’
1265 871 1369 943 ἐγω
1398 874 1574 941 φόνον

330 949 537 1023 καθῆκ’
566 952 804 1024 ἐμαυτὸν
829 962 905 1021 εἰς
928 952 1017 1010 ἅλ’
1052 953 1302 1029 ἄγκυραν
1326 958 1489 1028 παρα.

329 1032 436 1107 ἤδη
463 1037 524 1092 δὲ
551 1036 828 1108 κάμνονθ’
857 1038 1205 1112 ὁρμιατόνων
1232 1043 1300 1110 μέ
1322 1063 1402 1106 τις
1687 1057 1797 1100 1615

330 1118 588 1191 ἀνείλετ’,
615 1127 691 1186 εἰς
714 1122 776 1178 δὲ
803 1138 965 1194 γαῖαν
988 1126 1211 1196 ἐξέβησέ
1234 1144 1319 1180 σοι

328 1203 449 1260 τάδ’
478 1203 836 1276 ἀγγελοῦντα.
887 1208 1176 1279 σώφρονος
1201 1215 1231 1265 δ
1240 1208 1252 1228 '
1285 1209 1535 1275 ἀπιστίας

329 1287 432 1345 οὐκ
458 1296 606 1346 ἔστιν
630 1288 798 1346 οὐδὲν
821 1293 1229 1365 χρησιμώτερον
1254 1301 1486 1365 βροτοῖς.

145 1380 254 1429 ΧΟ.
328 1371 430 1429 οὐκ
457 1372 525 1429 ἅν
549 1373 669 1430 ποτ’
699 1373 911 1447 ηὔχουν
936 1375 1064 1433 οὔτε
1088 1376 1140 1432 6'
1170 1375 1304 1434 οὗθ’
1332 1377 1469 1450 ἡμᾶς
1494 1387 1691 1436 λαθεῖν

329 1460 648 1530 Μενέλαον,
675 1453 845 1530 ῶναξ,
874 1459 945 1526 ῶς
966 1462 1275 1518 ἐλανθανεν
1300 1461 1508 1535 παρῶν.
1686 1477 1796 1521 1620

142 1549 357 1598 ΘΕΟΚ.
387 1545 428 1598 ῶ
454 1551 794 1613 γυναικείαις
819 1548 1094 1616 τέχναισιν
1120 1549 1366 1618 αἱρεθεὶς
1391 1548 1497 1619 ἐγω
1523 1549 1711 1613 ταλας·

330 1628 738 1698 ἐκπεφεύγασιν
762 1630 924 1701 γάμοι
947 1654 1030 1701 με.
1063 1637 1151 1687 κεί
1172 1655 1272 1703 μεν
1295 1634 1366 1732 ήν
1391 1630 1659 1704 ἁλώσιμος

326 1719 462 1777 ναῦς
487 1712 820 1784 διώγμασιν,
847 1715 1087 1786 πονήσας
1114 1712 1261 1771 εἷλον
1285 1713 1354 1771 οἶν
1378 1740 1510 1787 ταχα
1538 1719 1755 1784 ξένους·

326 1803 433 1852 νῦν
459 1797 519 1852 δὲ
542 1796 642 1868 τὴν
667 1803 988 1871 προδοῦσαν
1012 1797 1151 1871 ἡμᾶς
1176 1801 1476 1872 τισόμεσθα
1500 1802 1794 1873 σύγγονον,

326 1877 443 1953 ἥτις
468 1884 526 1936 ἐν
552 1882 738 1953 δόμοις
762 1880 945 1954 ὁρῶσα
960 1887 1282 1955 ΛΜενέλεων,
1299 1883 1402 1940 οὐκ
1428 1886 1548 1942 εἶπέ
1565 1910 1672 1957 μοι.
1690 1901 1795 1945 1625

328 1963 516 2037 τοιγὰρ
565 1964 759 2022 οὔποτ’
812 1965 979 2024 ἄλλον
1026 1967 1203 2041 ἄνδρα
1246 1970 1511 2036 ψεύσεται
1557 1970 1795 2042 μαντεύ-

135 2121 137 2123 ³
896 2071 1074 2124 μασιν.

139 2141 254 2189 ΧΟ.
327 2127 486 2198 οὗτος
512 2128 582 2203 ῶ,
609 2149 707 2191 ποῖ
726 2135 828 2191 σὸν
851 2135 978 2193 πόδ’
1017 2148 1216 2208 αἴρεις,
1243 2136 1484 2209 δέσποτ’,
1525 2145 1600 2204 είς
1636 2153 1795 2195 ποῖον

897 2222 1104 2293 φόνον;

139 2307 355 2357 ΘΕΟΚ.
382 2299 538 2374 οἷπερ
563 2300 741 2376 ἡδίκη
760 2306 973 2362 κελεύει
995 2304 1076 2375 μ’·
1106 2304 1216 2362 ἀλλ’
1246 2305 1498 2378 ἆφίστασ’
1527 2309 1791 2364 ἐκποδῶν.

138 2394 254 2441 ΧΟ.
325 2383 427 2442 οὐκ
456 2384 735 2459 ἀφήσομαι
761 2392 985 2446 πέπλων
1008 2394 1147 2446 σῶν·
1175 2392 1381 2463 μεγάλα
1406 2392 1510 2465 γὰρ
1537 2393 1794 2457 σπεύδεις

894 2499 1051 2532 κακα.

139 2561 355 2610 ΘΕΟΚ.
383 2551 519 2612 ἄλλα
533 2561 816 2613 δεσποτῶν
827 2560 1114 2644 κρατήσεις
1128 2563 1327 2625 δοῦλος
1349 2565 1428 2622 ὤν
1443 2570 1585 2635 3XO.
1603 2568 1792 2633 φρονῶ

889 2644 990 2716 γὰρ
1017 2646 1096 2699 εὐ.
1688 2659 1794 2702 1630

139 2729 354 2778 ΘΕΟΚ.
381 2720 484 2779 οὐκ
509 2723 703 2798 ἔμοιγ’,
742 2733 792 2782 εἰ
822 2730 895 2799 μή
928 2727 986 2800 μ’
1027 2728 1201 2793 ἐάσεις
1225 2736 1344 2784 ΧΟ.
1370 2729 1436 2787 οὐ
1476 2730 1575 2797 μὲν
1608 2723 1712 2785 οὖν
1737 2727 1788 2785 σ’

890 2814 1134 2876 ἐάσομεν.
