2022 3126
238 109 304 161 78

238 431 355 480 XO.

241 601 345 650 ΕΡ.

243 1112 349 1161 ΟΡ.

244 2477 355 2526 XO.

834 112 1287 162 ANAPOMAXH

428 255 521 309 καὶ
543 256 839 325 ξυμφορὰν
862 250 1023 325 τήνδ’
1056 251 1369 310 είσπεσοῦσ’
1399 252 1711 327 ἀμηχανεῖς,

430 337 539 406 ἄξω
563 335 616 395 σ’
647 336 742 394 ἀπ’
773 346 944 394 οἴκων
968 341 1062 394 καὶ
1086 337 1292 410 πατρὸς
1316 340 1476 395 δώσω
1503 346 1640 411 χερί.

429 423 490 480 τὸ
515 424 782 496 συγγενὲς
806 422 911 496 γὰρ
939 424 1129 480 δεινόν
1145 467 1159 494 ,
1187 429 1248 480 ἔν
1269 447 1329 480 τε
1350 439 1462 490 τοῖς
1486 438 1678 490 κακοῖς
1822 439 1905 483 985

430 506 534 565 οὐκ
560 515 710 565 ἔστιν
732 506 902 565 οὐδὲν
927 523 1186 581 κρεῖσσον
1212 515 1421 566 οἰκείου
1449 517 1635 582 φίλου.

428 594 848 666 νυμφευμάτων
870 594 973 666 μὲν
999 600 1111 649 τῶν
1137 597 1285 666 ἐμῶν
1309 594 1486 668 πατὴρ
1515 599 1644 667 ἐμος

428 682 702 751 μέριμναν
726 682 860 750 ἕξει,
887 676 1028 735 κούκ
1053 678 1185 751 ἐμὸν
1210 686 1426 750 κρίνειν
1455 682 1599 738 τόδε.

429 762 552 820 ἀλλ’
585 762 658 830 ῶς
683 764 908 836 τάχιστα
931 767 1113 820 τῶνδέ
1131 762 1191 836 μ’
1221 771 1503 837 ἔκπεμψον
1528 767 1734 837 δόμων,

427 849 500 922 μὴ
529 856 651 923 φθῇ
675 873 742 921 με
770 848 1016 922 προσβὰς
1042 854 1197 921 δῶμα
1225 852 1318 905 καὶ
1341 848 1527 922 μολῶν
1552 851 1726 921 πόσις,
1823 863 1908 907 990

432 944 623 1000 οἴκους
652 958 707 991 τε
729 935 926 992 τούσδε
956 932 1013 1006 μ’
1044 937 1420 1008 ἐξερημοῦσαν
1443 935 1644 1008 μαθών

428 1019 653 1092 Πηλεὺς
676 1023 918 1094 μετέλθῃ
942 1027 1205 1085 πωλικοῖς
1231 1021 1555 1093 διώγμασιν.

427 1106 627 1178 θάρσει
651 1108 912 1177 γέροντος
935 1119 1091 1177 χεῖρα
1108 1125 1119 1134 ·
1147 1103 1245 1161 τὸν
1271 1104 1324 1162 δ’
1356 1104 1644 1178 Ἀχιλλέως

430 1192 605 1263 μηδὲν
632 1198 893 1264 φοβηθῇς
918 1188 1093 1260 παῖδ’,
1121 1187 1206 1246 ὅσ’
1236 1197 1312 1257 είς
1337 1190 1421 1263 ἔμ’
1449 1189 1664 1265 ὕβρισε.

429 1283 549 1332 τοία
574 1274 679 1348 γὰρ
705 1274 856 1351 αὐτῷ
881 1275 1095 1348 μηχανὴ
1121 1280 1469 1349 πεπλεγμένη
1824 1290 1907 1334 995

431 1360 653 1433 βρόχοις
677 1359 1018 1432 ἆκινήτοισιν
1042 1364 1269 1432 ἕστηκεν
1295 1362 1475 1433 φόνου

430 1445 569 1518 πρὸς
592 1452 760 1518 τῆσδε
783 1446 990 1519 χειρός·
1017 1442 1088 1518 ἢν
1111 1445 1284 1518 πάρος
1308 1448 1410 1519 μὲν
1436 1444 1539 1503 οὐκ
1564 1449 1690 1519 ἐρῶ,

432 1534 782 1603 τελουμένων
806 1532 866 1588 δὲ
890 1532 1106 1603 Δελφὶς
1139 1539 1341 1589 εἴσεται
1367 1534 1555 1604 πέτρα.

434 1615 462 1673 ὅ
488 1617 873 1689 μητροφόντης
898 1615 973 1687 δ’,
999 1613 1070 1688 ἦν
1094 1619 1412 1689 δορυξένων
1442 1621 1590 1689 ἐμῶν

430 1709 698 1774 μείνωσιν
723 1700 881 1775 ὅρκοι
904 1701 1174 1773 Πυθικὴν
1202 1700 1309 1758 άνά
1337 1703 1536 1775 χθόνα,
1793 1716 1908 1758 1000

431 1791 597 1854 δείξει
620 1802 819 1861 γαμεῖν
843 1808 950 1860 σφε
974 1787 1148 1860 μηδὲν
1174 1780 1253 1843 ῶν
1279 1791 1445 1860 ἐχρῆν
1473 1791 1582 1860 ἐμέ.

434 1879 645 1945 πικρῶς
671 1874 731 1930 δὲ
759 1873 963 1945 πατρὸς
989 1872 1190 1945 φόνιον
1216 1874 1426 1946 αἰτήσει
1451 1878 1615 1946 δίκην

431 1957 641 2015 ἄνακτα
667 1966 901 2031 Φοῖβον·
931 1957 1068 2015 οὐδέ
1092 1982 1185 2014 νιν
1209 1957 1534 2030 μετάστασις

431 2044 655 2116 γνώμης
679 2042 868 2115 ὀνήσει
893 2050 1009 2119 θεῷ
1036 2044 1267 2100 διδόντα
1290 2050 1399 2100 νῦν
1423 2049 1596 2114 δίκας,

430 2127 552 2184 ἀλλ’
584 2136 643 2185 ἔκ
668 2127 720 2185 τ’
750 2133 970 2185 ἐκείνου
997 2134 1281 2200 διαβολαῖς
1308 2153 1367 2186 τε
1391 2143 1508 2195 ταῖς
1532 2133 1684 2200 ἐμαῖς
1794 2141 1906 2183 1005

430 2222 613 2280 κακῶς
638 2213 843 2270 ὀλεῖται
860 2234 870 2243 ·
898 2215 1168 2287 γνώσεται
1193 2213 1239 2270 δ’
1267 2221 1477 2288 ἔχθραν
1501 2212 1654 2286 ἐμήν.

433 2304 654 2373 ἐχθρῶν
678 2299 783 2373 γὰρ
810 2298 1034 2373 ἀνδρῶν
1058 2313 1258 2371 μοῖραν
1288 2305 1364 2365 εἰς
1389 2296 1748 2372 ἀναστροφὴν

434 2390 649 2457 δαίμων
674 2391 871 2442 δίδωσι
896 2383 1036 2441 κούκ
1061 2388 1123 2458 ἐᾷ
1151 2398 1386 2458 φρονεῖν
1410 2386 1565 2457 μέγα.

429 2464 473 2525 ῶ
500 2477 671 2542 Φοῖβε
695 2470 992 2544 πυργώσας
1685 2490 1800 2542 στρ.

431 2555 530 2611 τὸν
556 2559 615 2611 ἐν
637 2554 775 2631 Ἰλίῳ
808 2554 1024 2628 εὐτειχῆ
1049 2555 1227 2627 πάγον
1798 2568 1907 2610 1010

430 2643 524 2697 καὶ
546 2639 736 2697 πόντιε
760 2643 1020 2707 κυανέαις

439 2731 625 2792 ἵπποις
649 2728 941 2798 διφρεύων
965 2725 1124 2783 ἅλιον
1149 2728 1399 2798 πέλαγος,

436 2818 584 2877 τίνος
624 2810 798 2871 εἵνεκ’
829 2810 1022 2885 ἄτιμον
1048 2809 1219 2884 ὀργά-

675 2914 786 2958 1009
805 2935 872 2944 —
896 2913 1008 2959 1017
1036 2929 1107 2952 =
1135 2912 1250 2958 1018
1272 2933 1330 2940 ·-·
1356 2912 1469 2959 1026
