2022 3126
229 78 330 131 232
948 74 1203 122 ΕΛΕΝΗ

418 213 732 276 ποιναθεῖσ’
763 214 1040 287 ἐκτήσατο,
1066 219 1173 286 γᾶν

422 302 525 360 οὐκ
551 300 797 358 ἐλθοῦσά
819 297 940 356 ποτ’
962 297 1124 355 Ἰλίου
1783 311 1894 354 1510

426 392 721 459 Φοιβείους
746 386 835 440 ἐπὶ
858 384 1122 456 πύργους.

235 480 391 531 ΑΓΓ.
420 471 582 542 ἅναξ,
610 473 694 538 [τὰ
722 466 936 525 κάκιστ’
966 472 1025 524 ἐν
1051 465 1240 538 δόμοις
1268 463 1604 539 εὑρήκαμεν·

425 554 497 622 ὡς
522 552 683 623 καίν’]
710 551 936 610 ἀκούσει
961 549 1164 624 πήματ’
1195 554 1248 618 ἐξ
1274 554 1410 623 ἐμοῦ
1434 551 1583 622 τάχα.

236 650 453 699 ΘΕΟΚ.
484 647 540 696 τί
562 637 613 695 δ’
645 646 822 706 ἔστιν;
855 644 1015 694 ΑΓΓ.
1045 635 1210 707 ἄλλης
1235 635 1457 692 ἐκπόνει
1480 634 1864 707 μνηστεύματα

427 721 717 798 γυναικός·
739 722 924 794 Ἑλένη
954 721 1058 794 γὰρ
1085 718 1268 793 βέβηκ’
1302 723 1401 787 ἔξω
1425 721 1644 792 χθονός.
1790 735 1897 777 1515

238 818 454 870 ΘΕΟΚ.
483 823 764 881 πτεροῖσιν
790 804 1011 880 ἀρθεῖσ’
1040 803 1076 878 ἢ
1102 811 1422 878 πεδοστιβεῖ
1440 810 1575 862 ποδί
1584 832 1597 873 ;

236 904 340 954 ΑΓ
335 903 385 952 Γ
385 941 395 950 .
421 897 710 959 Μενέλαος
734 891 911 964 αὐτὴν
935 891 1420 964 ἐκπεπόρθμευται
1442 890 1666 962 χθονός,

425 978 485 1046 ὂς
514 977 679 1044 αὐτὸς
705 975 876 1034 αὑτὸν
900 970 1077 1049 ἦλθεν
1103 974 1387 1048 ἀγγέλλων
1410 984 1627 1032 θανεῖν.

240 1073 456 1124 ΘΕΟΚ.
485 1058 527 1120 ὦ
552 1063 707 1120 δεινὰ
732 1065 886 1129 λέξας
905 1080 914 1089 ·
935 1068 1016 1127 τίς
1041 1063 1107 1117 δέ
1126 1085 1217 1117 νιν
1243 1066 1553 1133 ναυκληρία

432 1154 491 1206 ἐκ
520 1146 672 1220 τῆσδ’
702 1146 879 1219 ἀπῆρε
903 1146 1136 1218 χθονός;
1164 1143 1363 1202 ἄπιστα
1386 1145 1491 1217 γὰρ
1517 1147 1709 1215 λέγεις.
1794 1158 1903 1200 1520

242 1242 399 1293 ΑΓΓ.
428 1233 497 1306 ἦν
524 1257 586 1306 γε
611 1234 747 1307 ξένῳ
775 1236 943 1297 δίδως
969 1231 1039 1287 σὺ
1064 1231 1192 1295 τούς
1216 1253 1274 1286 τε
1299 1229 1432 1295 σούς
1459 1236 1598 1301 ἔχων

431 1319 637 1384 ναύτας
660 1321 924 1389 βέβηκεν,
955 1313 1027 1381 ὡς
1053 1311 1122 1370 ἂν
1147 1318 1206 1370 ἐν
1230 1322 1427 1388 βραχεῖ
1444 1315 1642 1387 μάθῃς.

243 1412 453 1462 ΘΕΟΚ.
482 1410 624 1470 πῶςς
659 1405 865 1458 εἰδέναι
895 1401 1213 1472 πρόθυμος
1247 1397 1314 1455 οῦ
1339 1399 1444 1471 γὰρ
1469 1403 1712 1455 ἐλπίδων

434 1498 562 1545 εἴσω
587 1490 796 1560 βέβηκα
821 1492 953 1587 μίαν
979 1482 1358 1557 υπερδραμεῖν
1381 1487 1511 1556 χέρα

433 1573 700 1630 τοσούσδε
725 1573 946 1641 ναύτας,
974 1571 1052 1625 ὠν
1077 1568 1381 1640 απεστάλης
1405 1572 1554 1641 μέτα.
1799 1581 1906 1624 1525

246 1666 402 1717 ΑΓΓ.
430 1661 547 1715 ἐπεὶ
572 1664 807 1714 λιποῦσα
832 1656 1031 1712 τούσδε
1056 1652 1376 1727 βασιλικους
1407 1649 1617 1724 δόμους

440 1742 470 1815 ἡ
495 1749 594 1798 τοῦ
621 1742 759 1807 Διὸς
785 1754 911 1806 παῖς
937 1739 1073 1811 πρὸς
1099 1740 1388 1794 θάλασσαν
1414 1738 1628 1808 ἐστάλη,

437 1825 725 1898 σοφώταθ’
756 1824 930 1898 ἁβρὸν
955 1826 1098 1881 πόδα
1123 1822 1322 1879 τιθεῖσ’
1353 1820 1612 1878 ἀνέστενε

437 1913 600 1968 πόσιν
626 1914 791 1976 πέλας
815 1910 1062 1981 παρόντα
1086 1906 1190 1964 κού
1221 1907 1544 1978 τεθνηκότα.

439 1995 510 2062 ὡς
535 1995 587 2052 δ’
617 1994 867 2067 ἤλθομεν
891 2000 1005 2050 σῶν
1029 1999 1327 2064 περίβολον
1356 1998 1624 2062 νεωρίων,
1800 2002 1910 2046 1530

438 2087 724 2137 Σιδωνίαν
749 2083 893 2135 ναῦν
918 2078 1284 2150 πρωτόπλουν
1308 2083 1678 2147 καθείλκομεν

443 2173 623 2238 ζυγῶν
647 2189 704 2221 τε
730 2164 1067 2235 πεντήκοντα
1091 2161 1380 2232 κᾶρετμων
1404 2163 1572 2232 μέτρα

441 2258 688 2322 ἔχουσαν.
718 2257 885 2321 ἔργου
912 2246 965 2303 δ’
995 2254 1158 2319 ἔργον
1183 2250 1524 2318 ἐξημείβετο

439 2335 468 2395 ὃ
496 2359 597 2407 μεν
618 2335 721 2407 γὰρ
749 2333 929 2403 ἱστόν,
963 2331 992 2389 ὃ
1014 2335 1074 2388 δε
1100 2332 1309 2403 πλάτην
1334 2336 1636 2386 καθίστατο

441 2421 644 2490 ταρσόν
671 2443 727 2475 τε
750 2424 917 2490 χειρί,
942 2416 1114 2473 λευκά
1137 2414 1200 2471 θ’
1231 2413 1356 2472 ἱστί’
1388 2421 1463 2479 είς
1488 2419 1550 2470 ἓν
1574 2407 1661 2485 ἦν,
1806 2426 1911 2469 1535

445 2505 686 2576 πηδαλια
710 2527 766 2559 τε
791 2502 1068 2574 ζεύγλαισι
1099 2506 1492 2570 παρακαθίετο.

445 2587 551 2644 κάν
580 2594 693 2664 τῷδ
699 2612 722 2644 ε
746 2588 957 2662 μόχθῳ,
982 2584 1134 2642 τοῦτ’
1166 2583 1271 2658 ἄρα
1294 2582 1683 2655 σκοπούμενοι,

437 2672 696 2745 ΗΕλληνες
721 2671 921 2743 ἄνδρες
943 2674 1211 2746 Μενέλεῳ
1235 2671 1569 2740 ξυνέμποροι

449 2764 770 2829 προσῆλθον
795 2755 981 2822 ἀκταῖς
1002 2755 1352 2826 ναυφθόροις
1376 2750 1686 2825 ἠσθημένοι

451 2845 770 2901 πέπλοισιν.
799 2838 1030 2906 εὐειδεῖς
1052 2842 1180 2911 μέν,
1207 2836 1479 2910 αὐχμηροὶ
1505 2833 1557 2892 δ’
1586 2833 1738 2905 ὁρᾶν.
1808 2847 1916 2889 1540
