2022 3126
217 103 319 154 302

232 2542 344 2591 XO.

825 101 1272 149 HPAKAEIAAI

405 246 556 310 ἐλπὶς
581 239 718 312 τότ’,
746 240 813 297 οὐ
839 244 1111 313 μέλλουσα
1138 247 1410 297 διατελεῖν
1435 241 1629 312 χάριν;

403 327 733 400 συγγνωστά
757 327 860 398 γάρ
886 350 967 381 τοι
991 328 1084 381 καὶ
1107 326 1173 381 τὰ
1197 323 1376 396 τοῦδ’,
1404 332 1455 381 εί
1476 325 1548 396 μὴ
1574 329 1728 382 θέλει
1793 340 1878 384 435

405 420 645 469 κτείνειν
669 418 910 467 πολιτῶν
935 416 1152 483 παῖδας,
1176 413 1390 466 αἰνέσαι
1423 415 1455 465 δ
1463 408 1475 428 '
1510 416 1612 482 ἔχω

404 501 497 553 καὶ
520 495 757 553 τάνθάδ’
777 515 788 525 ·
826 502 877 552 εί
898 505 1080 552 θεοῖσι
1106 494 1174 566 δὴ
1202 501 1355 550 δοκεῖ
1385 495 1516 550 τάδε

406 583 676 653 πράσσειν
702 580 807 652 ἔμ’,
833 578 986 637 οὗτοι
1011 587 1103 636 σοί
1123 578 1177 651 γ’
1208 577 1513 636 ἀπόλλυται
1536 580 1707 651 χάρις.

410 660 453 723 ῶ
477 671 694 736 παῖδες,
720 664 854 738 ὑμῖν
879 664 930 721 δ’
961 663 1064 721 οὐκ
1087 671 1190 736 ἔχω
1217 671 1273 719 τί
1295 665 1582 736 χρήσομαι.

407 765 504 808 ποῖ
523 752 907 824 τρεψόμεσθα;
933 758 1013 815 τίς
1038 749 1141 822 γὰρ
1169 747 1429 814 ἅστεπτος
1453 755 1635 816 θεῶν;
1797 763 1879 805 ‘440

408 850 567 892 ποῖον
592 837 653 892 δὲ
676 843 835 908 γαίας
860 839 1017 906 ἕρκος
1040 833 1142 890 οὐκ
1170 832 1485 905 ἀφίγμεθα;

409 919 700 992 ὀλούμεθ’,
730 915 774 977 ῶ
797 918 967 991 τέκν’,
999 919 1459 991 ἐκδοθησόμεσθα
1484 919 1569 990 δή.

407 1003 572 1078 κάμοὶ
597 1007 697 1077 μὲν
722 1005 891 1062 οὐδὲν
917 1015 972 1062 εἴ
990 1028 1056 1076 με
1079 1004 1180 1077 χρὴ
1206 1014 1407 1060 θανεῖν
1431 1006 1599 1075 μέλει,

408 1091 553 1162 πλὴν
583 1100 638 1146 εἴ
657 1116 708 1147 τι
733 1094 914 1163 τέρψω
939 1089 1067 1154 τοὺς
1093 1088 1254 1161 ἐμοὺς
1280 1087 1518 1161 ἐχθροὺς
1543 1089 1764 1144 θανών·

406 1173 548 1247 ὑμᾶς
573 1177 635 1231 δὲ
659 1183 830 1231 κλαίω
857 1177 948 1231 καὶ
973 1180 1328 1245 κατοικτείρει)
1344 1218 1358 1245 ,
1382 1176 1564 1243 τέκνα,
1800 1188 1883 1229 445

410 1264 504 1317 καὶ
533 1259 633 1332 τὴν
658 1260 890 1333 γεραιὰν
914 1258 1100 1331 μητέρ’
1132 1257 1442 1331 Ἀλκμήνην
1467 1259 1687 1330 πατρός.

409 1339 452 1401 ῶ
477 1346 818 1401 δυστάλαινα
841 1351 939 1401 τοῦ
965 1351 1180 1416 μακροῦ
1207 1350 1334 1415 βίον
1359 1346 1546 1413 σέθεν,

409 1429 630 1502 τλήμων
655 1432 716 1486 δὲ
740 1428 891 1501 κάγώ
917 1429 1092 1486 πολλὰ
1117 1429 1399 1500 μοχθήσας
1422 1429 1614 1500 μάτην.

409 1522 549 1587 χρῆν
571 1522 712 1587 χρῆν
737 1513 827 1588 ἄρ’
857 1512 996 1587 ἡμᾶς
1021 1513 1225 1585 ἀνδρὸς
1251 1520 1326 1579 εἰς
1353 1517 1560 1585 ἐχθροῦ
1586 1514 1746 1584 χέρας

411 1600 678 1666 πεσόντας
702 1607 936 1672 αἰσχρῶς
959 1602 1051 1655 καὶ
1074 1606 1254 1664 κακῶς
1279 1607 1461 1654 λιπεῖν
1484 1605 1626 1670 βίον.
1801 1611 1886 1653 450

416 1683 536 1741 ἀλλ’
566 1683 716 1741 οἷσθ’
747 1683 781 1741 ὅ
804 1709 896 1756 μοι
921 1685 1271 1756 σύμπραξον;
1297 1682 1397 1755 οὐχ
1422 1681 1605 1739 ἅπασα
1630 1683 1734 1755 γὰρ

413 1773 694 1842 πέφευγεν
719 1773 870 1836 ἐλπὶς
895 1773 1075 1826 τῶνδέ
1097 1793 1189 1842 μοι
1216 1776 1503 1841 σωτηρίας.

416 1854 499 1927 ἔμ’
532 1861 689 1921 ε’κδος
709 1854 1039 1927 Ἀργείοισιν
1065 1853 1189 1910 ἀντὶ
1215 1852 1405 1924 τῶνδ’,
1434 1851 1585 1922 ἄναξ,

410 1942 502 1996 καὶ
526 1941 659 2012 μήτε
684 1941 983 1997 κινδύνευε
1009 1940 1244 2011 σωθήτω
1270 1942 1331 1994 τέ
1350 1962 1442 2010 μοι

411 2023 559 2081 τέκν’
578 2044 590 2054 ·
620 2023 686 2080 οὗ
716 2033 900 2095 φιλεῖν
925 2031 1015 2081 δεῖ
1034 2025 1134 2096 τὴν
1158 2023 1294 2095 ε’μὴν
1317 2022 1527 2094 ψυχήν·
1556 2032 1669 2078 ἴτω.
1801 2036 1886 2077 455

405 2111 655 2183 [μάλιστα
677 2115 711 2166 δ
721 2110 732 2129 ’
752 2109 1089 2180 Εὐρυσθεύς
1113 2132 1179 2181 με
1203 2105 1452 2180 βούλοιτ’
1482 2104 1550 2163 ἂν
1575 2106 1762 2179 λαβὼν

413 2194 510 2250 τὸν
533 2193 859 2265 τΗράκλειον
883 2192 1171 2267 σύμμαχον
1193 2199 1537 2265 καθυβρίσαι
1552 2212 1562 2221 ·

416 2278 604 2345 σκαιὸς
629 2283 735 2352 γὰρ
764 2278 920 2351 ἁνήρ.
955 2293 1069 2344 τοῖς
1093 2292 1288 2351 σοφοῖς
1314 2276 1368 2334 δ’
1399 2275 1601 2333 εὐκτὸν
1624 2283 1780 2351 σοφῷ

417 2371 626 2435 ἔχθραν
651 2365 978 2435 συνάπτειν,
1006 2364 1078 2437 μὴ
1105 2362 1316 2435 ἀμαθεῖ
1336 2363 1665 2435 φρονήματι.

418 2457 621 2521 πολλῆς
651 2451 757 2523 γὰρ
797 2455 990 2515 αἰδοῦς
1014 2451 1106 2505 καὶ
1132 2454 1288 2521 δίκης
1311 2473 1391 2513 τις
1420 2445 1489 2503 ἄν
1512 2448 1704 2518 τύχοι]
1804 2458 1890 2501 460

419 2528 461 2589 ῶ
487 2537 728 2606 πρέσβυ,
755 2535 828 2606 μή
852 2559 960 2591 νυν
983 2532 1139 2606 τήνδ’
1169 2537 1393 2589 ἐπαιτιῶ
1424 2533 1613 2588 πόλιν·

416 2616 531 2689 τάχ’
563 2616 631 2674 ἄν
661 2618 765 2690 γὰρ
791 2617 923 2691 ἡμῖν
946 2620 1148 2685 ψευδὲς
1174 2617 1293 2673 ἀλλ’
1325 2616 1470 2689 ὅμως
1495 2616 1671 2672 κακὸν

419 2702 623 2774 γένοιτ’
654 2702 870 2768 ὄνειδος
896 2702 968 2770 ῶς
991 2707 1181 2771 ξένους
1205 2703 1627 2773 προυδῶκαμεν.

233 2796 344 2844 ΔΗ
419 2802 647 2859 γενναῖα
671 2790 772 2860 μὲν
796 2787 920 2845 τάδ’
951 2789 1131 2858 εἶπας,
1160 2786 1280 2843 ἀλλ’
1312 2785 1580 2858 ἀμήχανα.

422 2870 489 2928 οὗ
515 2880 618 2929 σοῦ
642 2880 872 2944 χατίζων
898 2871 1055 2943 δεῦρ’
1090 2872 1223 2939 ἄναξ
1249 2879 1631 2943 στρατηλατεῖ·
1807 2881 1891 2925 465
