2022 3126
255 93 322 143 62

261 244 356 292 XO

831 93 1291 143 ANAPOMAXH

454 235 660 293 οὔποτε
694 237 761 306 δὴ
799 241 1004 306 δίδυμα
1727 255 1843 305 στρ.

447 319 620 393 λέκτρ’
652 322 922 376 ἐπαινέσω
949 326 1169 391 βροτῶν
1845 335 1929 379 465

448 403 573 462 οὐδ’
606 404 990 476 ἀμφιμάτορας
1016 406 1233 477 κόρους,

449 496 636 562 ἔριδας
661 498 833 545 οἴκων
859 494 1152 561 δυσμενεῖς
1175 514 1234 546 τε
1258 487 1452 556 λύπας.

447 582 582 647 μίαν
607 598 699 646 μοι
725 576 995 646 στεργέτω
1022 575 1181 640 πόσις
1204 576 1399 647 γάμοις

451 658 832 731 ἀκοινώνητον
858 656 1064 729 ἀνδρὸς
1092 657 1281 715 εὐνάν.
1847 674 1932 718 470

451 743 585 800 οὐδὲ
609 743 716 816 γὰρ
743 749 804 800 ἐν
828 745 1021 800 πόλεσι
1727 769 1845 802 αντ.

451 835 706 901 δίπτυχοι
732 834 1061 900 τυραννίδες

453 922 580 987 μιᾶς
608 913 899 987 ἀμείνονες
927 917 1139 985 φέρειν,

455 999 626 1072 ἄχθος
651 996 727 1056 ἐπ’
757 997 919 1071 ἄχθει
942 1002 1035 1055 καὶ
1060 1000 1247 1066 στάσις
1271 1007 1518 1066 πολίταις
1536 1019 1546 1028 ·
1850 1013 1928 1057 475

457 1083 742 1138 τεκτόνοιν
773 1086 837 1138 θ’
862 1083 1066 1154 ὕμνοιν
1091 1083 1351 1153 ἐργάταιν
1389 1090 1549 1139 δυοῖν

458 1177 578 1241 ἔριν
602 1177 837 1227 Μοῦσαι
863 1177 1094 1242 φιλοῦσι
1119 1178 1372 1243 κραίνειν
1388 1191 1398 1200 ’

456 1258 623 1312 πνοαὶ
648 1261 681 1312 δ
688 1254 701 1274 ’
729 1252 864 1312 ὅταν
889 1258 1101 1328 φέρωσι
1123 1262 1421 1321 ναυτίλους
1446 1261 1598 1325 θοαί,
1731 1274 1846 1326 στρ.

453 1342 592 1396 κατὰ
620 1346 909 1413 πηδαλίων
936 1342 1144 1412 διδύμα
1169 1346 1466 1411 πραπίδων
1490 1341 1682 1412 γνῶμα
1846 1355 1932 1397 480

418 1440 421 1442 ’
453 1433 647 1498 σοφῶν
671 1449 728 1482 τε
753 1432 970 1497 πλῆθος
994 1424 1210 1498 ἀθρόον
1234 1424 1640 1497 ἀσθενέστερον

455 1514 800 1583 φαυλοτέρας
825 1510 1031 1583 φρενὸς
1056 1510 1434 1582 αὐτοκρατοῦς

453 1597 601 1666 ἑνός,
629 1594 663 1652 δι’
688 1597 918 1663 δύνασις
943 1594 1050 1652 ἀνά
1074 1621 1132 1653 τε
1154 1599 1409 1669 μέλαθρα
1434 1597 1571 1652 κατά
1595 1620 1654 1652 τε
1677 1596 1888 1665 πόλιας,

455 1680 662 1738 ὁπόταν
689 1680 878 1753 εὑρεῖν
902 1685 1112 1739 θέλωσι
1136 1683 1349 1752 καιρόν.
1849 1695 1932 1738 485

451 1771 659 1834 ἔδειξεν
690 1766 722 1838 ἡ
747 1768 1001 1823 Λάκαινα
1027 1775 1126 1824 τοῦ
1152 1768 1492 1838 στρατηλάτα
1729 1763 1845 1820 ἀντ.

450 1855 704 1908 4Μενέλα·
739 1852 832 1908 διὰ
856 1851 962 1923 γὰρ
987 1851 1163 1924 πυρὸς
1185 1845 1310 1924 ἦλθ’
1340 1856 1506 1926 ἑτέρῳ
1535 1851 1697 1920 λέχει,

454 1944 658 1993 κτείνει
685 1939 746 1993 δὲ
770 1937 872 2009 τὴν
895 1939 1161 1993 τάλαιναν
1181 1935 1381 1993 Ἰλιάδα
1406 1937 1580 2008 κόραν

450 2023 621 2079 παῖδα
645 2046 703 2078 τε
729 2023 1048 2095 δύσφρονος
1073 2028 1253 2093 ἔριδος
1278 2020 1438 2093 ὕπερ.
1845 2033 1931 2075 490

451 2105 621 2174 ἄθεος
645 2106 849 2180 ἄνομος
875 2105 1066 2179 ἄχαρις
1091 2105 1119 2164 ὁ
1146 2108 1341 2179 φόνος·
1380 2114 1459 2164 ἔτι
1490 2125 1581 2177 σε,
1614 2107 1829 2179 πότνια,

450 2192 764 2265 μετατροπὰ
786 2190 956 2248 τῶνδ’
986 2199 1200 2249 ἔπεισιν
1226 2199 1421 2265 ἔργων.

451 2281 544 2334 καὶ
567 2277 678 2350 μὴν
706 2283 881 2349 ε’σορῶ

452 2364 579 2419 τόδε
604 2365 923 2436 σύγκρατον
947 2370 1137 2435 ζεῦγος
1171 2363 1277 2435 πρὸ
1305 2364 1511 2434 δόμων,
1849 2372 1931 2417 495

453 2449 623 2523 ψήφῳ
648 2449 900 2505 θανατου
926 2451 1409 2520 κατακεκριμένον.

453 2534 692 2635 δύστηνε
718 2535 915 2606 γύναι,
943 2540 1150 2605 τλῆμον
1178 2534 1239 2589 δε
1263 2554 1335 2589 συ
1363 2546 1478 2600 παῖ,

452 2618 656 2690 μητρὸς
681 2616 932 2690 λεχέων
913 2644 974 2685 ος
997 2617 1409 2691 ὑπερθνῄσκεις

452 2701 623 2760 οὐδεν
648 2707 891 2775 μετέχων

791 2802 877 2846 464
891 2821 952 2827 -
969 2802 1055 2846 470
1070 2819 1139 2838 :-
1152 2800 1233 2845 471
1252 2819 1314 2827 ·-
1331 2798 1418 2845 478

792 2886 874 2931 479
893 2909 953 2915 -
967 2887 1050 2930 485
1062 2885 1228 2930 :486
1244 2906 1306 2915 *-
1321 2885 1408 2931 493
