2022 3126
215 115 316 165 166

217 1370 330 1418 XO.

221 1709 329 1759 ΑΓ.

929 113 1173 159 ΕΚΛΒΗ

405 253 577 312 ἄκουε
603 253 673 325 δή
697 272 832 310 νυν·
866 250 966 309 τὸν
989 252 1239 308 θανόντα
1261 248 1415 309 τόνδ’
1444 249 1607 326 ὁρᾷς;

405 346 607 396 τοῦτον
632 344 814 403 καλῶς
837 342 989 408 δρῶν
1016 334 1149 393 ὄντα
1172 337 1446 409 κηδεστὴν
1470 339 1639 393 σε’θεν

403 426 641 496 δράσεις.
689 423 810 489 ἑνός
834 446 925 494 μοι
949 429 1132 494 μῦθος
1155 421 1347 494 ἐνδεὴς
1372 429 1466 478 ἔτι.

404 519 460 567 εἶ
478 533 572 581 μοι
595 510 810 580 γε’νοιτο
837 509 1087 580 φθόγγος
1113 509 1173 563 ἐν
1198 514 1454 581 βραχίοσι

401 596 496 653 καὶ
521 596 676 666 χερσὶ
700 595 794 649 καὶ
819 593 1042 664 κόμαισι
1067 594 1160 648 καὶ
1184 597 1375 648 ποδῶν
1401 592 1561 664 βάσει

401 676 435 753 ἦ
459 679 750 736 Δαιδάλου
778 681 1056 750 τέχναισιν
1081 673 1116 748 ἦ
1139 683 1295 733 θεῶν
1318 701 1483 747 τινος,

405 762 478 830 ὥς
501 761 676 821 πάνθ’
706 761 916 836 ὁμαρτῇ
942 769 1057 818 σῶν
1082 768 1292 833 ἔχοιντο
1318 762 1606 834 γουνάτων

399 847 645 907 κλαίοντ’
677 848 1081 919 ἐπισκήπτοντα
1107 853 1405 912 παντοίους
1432 846 1651 917 λόγους.

405 928 448 991 ὦ
474 932 719 1004 δέσποτ’,
748 927 792 989 ὦ
815 930 1346 1005 μέγιστον“Ἐλλησιν
1371 932 1528 1004 φάος,

403 1027 578 1077 πιθοῦ
594 1064 607 1091 ,
635 1020 909 1091 παράσχες
932 1032 1088 1089 χεῖρα
1112 1025 1177 1091 τῇ
1203 1017 1532 1089 πρεσβύτιδι

402 1105 674 1178 τιμωρόν,
704 1111 755 1160 εἰ
776 1106 869 1160 καὶ
893 1106 1068 1176 μηδέν
1094 1107 1270 1173 ἐστιν,
1297 1100 1418 1158 ἀλλ’
1448 1099 1612 1173 ὅμως.

405 1195 613 1248 ἐσθλοῦ
638 1188 742 1261 γὰρ
767 1187 971 1259 ἀνδρὸς
995 1194 1060 1260 τῇ
1087 1193 1215 1261 δίκῃ
1244 1186 1306 1243 θ’
1333 1186 1635 1259 ὑπηρετεῖν

403 1278 496 1332 καὶ
521 1273 651 1339 τοὺς
675 1273 880 1338 κακοὺς
904 1279 1048 1343 δρᾶν
1072 1279 1354 1343 πανταχοῦ
1378 1279 1561 1336 κακῶς
1586 1269 1688 1326 ἀεί.

403 1361 592 1417 δεινόν
617 1381 708 1431 γε,
734 1368 964 1430 θνητοῖς
992 1355 1064 1422 ὡς
1091 1356 1307 1414 ἅπαντα
1331 1363 1646 1427 συμπίτνει,

405 1448 499 1503 καὶ
523 1444 618 1510 τὰς
642 1441 887 1515 ἀνάγκας
911 1447 967 1499 οἱ
985 1443 1148 1514 νόμοι
1174 1442 1461 1514 διώρισαν,

407 1537 606 1605 φίλους
632 1532 881 1594 τιθέντες
903 1528 1033 1594 τούς
1057 1552 1120 1599 γε
1145 1528 1592 1600 πολεμιωτάτους

408 1615 647 1688 ἐχθρούς
671 1637 730 1670 τε
753 1613 883 1679 τοὺς
908 1615 1041 1684 πρὶν
1068 1612 1318 1684 εὐμενεῖς
1342 1612 1684 1684 ποιούμενοι.

407 1701 513 1773 ἐγώ
539 1702 601 1757 σε
626 1702 718 1755 καὶ
743 1698 844 1756 σὸν
868 1704 1039 1754 παῖδα
1064 1701 1157 1754 καὶ
1181 1699 1347 1769 τύχας
1371 1700 1558 1769 σέθεν,

401 1785 626 1857 Ἑκάβη,
656 1782 732 1840 δι’
763 1794 952 1841 οἴκτου
976 1784 1134 1855 χεῖρά
1160 1781 1221 1839 θ’
1254 1788 1469 1839 ἱκεσίαν
1496 1788 1598 1853 ἔχω

409 1874 502 1927 καὶ
527 1871 800 1943 βούλομαι
825 1875 979 1925 θεῶν
1004 1866 1066 1924 θ’
1103 1870 1273 1923 εἵνεκ’
1321 1865 1549 1923 ἀνόσιον
1574 1867 1732 1933 ξένον

407 1959 500 2012 καὶ
525 1962 623 2011 τοῦ
651 1959 874 2010 δικαίου
900 1954 1067 2024 τήνδε
1090 1970 1178 2008 σοι
1203 1957 1405 2008 δοῦναι
1429 1957 1610 2023 δίκην,

412 2051 465 2098 εἴ
483 2063 597 2105 πως
625 2047 827 2112 φανείη
853 2036 906 2110 γ’
937 2036 1075 2093 ὥστε
1101 2045 1195 2093 σοί
1215 2035 1263 2092 τ’
1294 2044 1439 2108 ἔχειν
1462 2042 1660 2106 καλῶς,

409 2131 624 2200 στρατῷ
648 2148 706 2180 τε
730 2123 802 2196 μὴ
828 2124 1045 2194 δόξαιμι
1071 2123 1403 2193 Κασάνδρας
1427 2122 1589 2193 χάριν

414 2209 634 2285 Θρῄκης
661 2208 857 2266 ἄνακτι
881 2209 1043 2264 τόνδε
1069 2214 1371 2279 βουλεῦσαι
1397 2207 1592 2280 φόνον.

414 2304 561 2354 ἔστιν
586 2294 690 2367 γὰρ
716 2288 751 2368 ᾗ
775 2291 1050 2367 ταραγμὸς
1075 2294 1396 2364 ἐμπέπτωκέ
1416 2311 1534 2364 μοι·

413 2382 511 2439 τὸν
537 2379 714 2451 ἄνδρα
739 2386 937 2436 τοῦτον
962 2384 1153 2449 φίλιον
1177 2375 1391 2449 ἡγεῖται
1413 2375 1658 2449 στρατός,

413 2466 510 2523 τὸν
535 2466 886 2522 κατθανόντα
912 2461 963 2519 δ’
993 2462 1222 2534 ἐχθρόν·
1256 2469 1306 2518 εἰ
1340 2461 1394 2519 δ’
1428 2465 1547 2534 ἐμοὶ
1574 2468 1735 2532 φίλος

414 2550 501 2609 ὅδ’
530 2555 669 2621 ἐστί,
696 2551 862 2621 χωρὶς
884 2554 1046 2604 τοῦτο
1071 2546 1174 2603 κού
1201 2546 1393 2604 κοινὸν
1417 2550 1647 2621 στρατῷ.

415 2743 464 2790 ἐκ
485 2749 570 2791 τοῦ
589 2745 757 2791 σκότου
786 2764 833 2792 τε
862 2748 956 2789 τῶν
973 2760 1021 2789 τε
1037 2749 1351 2802 νυκτερησίων

414 2819 620 2873 φίλτρων
642 2817 828 2871 μεγίστη
850 2816 1053 2870 γίγνεται
1075 2818 1264 2874 βροτοῖς
1283 2809 1432 2868 χάρις.

1793 432 1876 476 835

1800 1280 1883 1324 845

1803 2133 1886 2176 855

1804 2742 1883 2784 831
