2022 3126
221 110 258 151 L
361 110 444 149 DE
477 107 801 150 CODICIBVS
831 107 1184 150 EVRIPIDEIS
1216 109 1295 149 ET
1327 105 1720 149 EDITIONIBVS

221 237 437 284 iecturae
496 241 743 283 auctorem
804 235 1087 283 memoravi.
1172 250 1228 284 ac
1274 234 1510 299 siquando
1558 234 1680 283 mihi
1735 236 1861 283 acci-

223 306 369 359 derit,
412 305 540 367 quod
578 320 692 354 raro
733 305 971 354 accidisse
998 303 1228 360 arbitror,
1267 311 1321 352 ut
1346 303 1529 354 alienas
1556 307 1864 353 coniecturas

221 383 452 438 tanquam
488 390 622 424 meas
647 376 940 438 proferrem,
982 388 1126 436 quam
1152 375 1333 422 invitus
1360 374 1469 424 aliis
1493 375 1588 424 feci
1609 367 1862 430 iniuriam.

223 461 328 495 eam
365 451 591 510 prompto
630 446 794 492 animo
834 451 881 492 et
918 443 1109 492 lubenti
1149 443 1375 507 expiabo.

328 514 447 563 Cum
502 514 617 563 inde
664 514 723 562 ab
772 527 813 560 a.
867 516 1025 568 1857,
1084 527 1181 577 quo
1230 527 1357 561 anno
1412 512 1563 563 altera
1611 514 1863 577 Euripidis

223 584 374 635 editio
422 600 531 634 mea
577 583 783 647 prodiit,
834 584 1114 631 criticorum
1163 597 1310 646 opera
1358 583 1638 646 Euripideis
1682 583 1863 633 sabulis

221 671 319 704 non
360 655 570 704 defuerit
596 662 741 718 atque
779 668 887 701 cum
914 654 1022 716 ipse
1060 668 1149 716 per
1175 651 1264 699 hos
1303 667 1456 701 annos
1484 656 1684 716 tragicis
1711 655 1861 703 Grae-

223 727 291 775 cis
329 725 580 774 assiduum
621 731 668 770 et
704 725 947 772 intentum
973 723 1187 771 studium
1225 722 1575 786 impenderim,
1616 723 1727 772 fieri
1763 740 1862 772 non

221 798 382 860 potuit
427 796 545 859 quin
590 792 819 858 plurimis
873 791 994 841 locis
1042 808 1067 839 a
1113 793 1317 855 pristina
1379 794 1618 856 scriptura
1667 795 1717 841 in
1773 793 1864 843 hac

221 868 367 914 tertia
408 865 622 914 editione
661 862 985 912 discederem.
1025 862 1247 925 gaudebo
1287 862 1514 926 equidem
1554 865 1593 911 si
1632 863 1861 911 emenda-

222 942 373 984 tiores
413 942 460 983 et
498 935 738 998 genuinae
785 935 974 982 formae
1013 934 1279 982 similiores
1319 935 1505 995 egregii
1552 939 1725 996 poetae
1763 939 1861 981 tra-

221 1005 420 1069 goedias
459 1021 483 1053 a
522 1003 662 1053 nobis
710 1006 988 1067 propositas
1027 1018 1135 1052 esse
1181 1002 1446 1052 iudicarint
1482 1003 1709 1052 homines
1749 1018 1862 1051 vere

221 1075 457 1141 philologi
505 1082 551 1123 et
599 1090 624 1122 a
672 1074 837 1123 servili
883 1075 1234 1138 superstitione
1291 1072 1457 1122 alieni.
1533 1080 1580 1122 at
1635 1073 1861 1122 omnibus

221 1146 415 1210 placere
453 1160 597 1194 nemo
636 1147 840 1208 poterit,
889 1159 1049 1208 neque
1087 1143 1305 1207 imperiti
1341 1142 1472 1207 vulgi
1520 1145 1738 1193 favorem
1777 1159 1858 1193 au·

222 1216 480 1283 cupabitur
517 1217 558 1263 is
597 1215 680 1280 qui
716 1215 801 1262 uni
838 1214 1084 1263 studuerit
1120 1215 1329 1262 veritati.

361 1327 649 1380 Scribebam
685 1325 935 1394 Petropoli
972 1341 1142 1377 mense
1181 1324 1442 1376 Decembri
1479 1341 1521 1377 a.
1567 1323 1720 1378 1870.
