2022 3126
223 88 326 140 220

919 92 1175 140 EAENH

411 234 576 306 γέρας
600 228 667 287 οὐ
695 232 887 302 γέρας,
914 228 1036 286 ἄλλ’
1068 236 1187 301 ἔριν

411 321 658 374 Δαναῶν
680 317 926 388 νεφέλαν
951 317 1041 371 ἐπὶ»
1063 316 1268 371 ναυσὶν
1291 313 1462 386 ἄγων,
1782 330 1892 379 1135

414 407 647 458 εἴδωλον
675 398 1004 473 ίρὸνἽΙρας.

413 484 445 544 ὅ
468 511 520 543 τι
544 484 678 551 θεὸς
702 482 738 558 ἦ
760 484 833 558 μὴ
857 485 991 550 θεὸς
1015 482 1050 556 ἢ
1075 483 1134 540 τὸ
1161 485 1347 557 μέσον,
1663 504 1775 557 στρ.

414 579 496 637 τίς
522 569 649 644 φησ’
678 569 979 643 ἐρευνήσας
1003 575 1220 642 βροτῶν

413 656 760 729 μακρότατον
785 658 953 727 πέρας
980 653 1184 727 εὑρεῖν,

412 738 472 807 ὂς
495 740 561 797 τὰ
584 747 739 797 θεῶν
764 744 931 815 ἐσορᾷ
1781 754 1888 797 114ss

414 832 584 899 δεῦρο
609 828 703 882 καὶ
727 819 897 891 αὖθις
923 829 1098 882 ἐκεῖσε

411 913 505 968 καὶ
531 911 700 967 πάλιν
725 909 1034 983 ἀντιλόγοις

411 994 660 1069 πηδῶντ’
688 994 1038 1062 ἀνελπίστοις
1062 997 1277 1068 τύχαις;

409 1081 481 1138 σὺ
505 1081 643 1147 Διὸς
669 1088 837 1153 ἔφυς,
867 1075 909 1136 ῶ
934 1079 1149 1152 Ἑλένα,
1175 1081 1429 1154 θυγάτηρ
1446 1100 1456 1110 ’

410 1166 615 1232 πτανὸς
639 1165 744 1238 γὰρ
771 1170 831 1222 ἐν
854 1167 1079 1232 κόλποις
1104 1185 1164 1222 σε
1186 1167 1304 1238 Λή-
1784 1180 1890 1223 1145

411 1257 509 1318 δας
535 1254 801 1308 ἐτέκνωσε
826 1252 1021 1324 πατήρ.

410 1341 499 1389 καὶ
527 1335 647 1407 ἰαχὴ
673 1337 740 1406 σὴ
770 1336 902 1392 καθ’
925 1336 1212 1392 Ἑλλανίαν

410 1418 600 1488 ἄδικος
625 1422 886 1494 προδότις
910 1419 1135 1487 ἄπιστος
1160 1419 1327 1488 ἄθεος
1344 1441 1355 1451 ·
1383 1420 1510 1478 οὐδ’
1541 1429 1642 1494 ἔχω

412 1514 471 1562 τί
492 1505 552 1563 τὸ
584 1509 784 1579 σαφές,
813 1504 844 1562 ὅ
869 1531 918 1562 τι
944 1505 1065 1563 ποτ’
1099 1510 1160 1563 ἐν
1198 1514 1433 1580 βροτοῖς.

409 1590 469 1648 τὸ
497 1598 651 1648 θεῶν
676 1599 804 1658 ἔπος
828 1590 1033 1658 ἀλαθὲς
1054 1586 1245 1665 ηὗρον.
1784 1608 1891 1648 1150

411 1674 654 1750 ἄφρονες
679 1675 799 1734 ὅσοι
823 1675 918 1743 τὰς
943 1676 1139 1750 ἀρετὰς
1165 1680 1385 1749 πολέμῳ
1655 1674 1772 1733 ἀντ.

408 1769 618 1819 κτᾶσθε
645 1762 807 1835 δορὸς
831 1760 1065 1819 ἀλκαίου
1090 1765 1312 1836 λόγχαι-

408 1866 499 1903 σιν
525 1848 973 1921 καταπαυόμενοι
998 1849 1101 1906 πό-

408 1955 543 1997 νους
568 1940 797 1989 θνατῶν
821 1931 1071 2000 ἀπαθῶς.

411 2023 462 2073 εἰ
482 2016 587 2090 γὰρ
614 2015 815 2090 ἅμιλλα
838 2032 1023 2089 κρινεῖ
1041 2044 1132 2074 νιν
1778 2031 1886 2074 1155

407 2107 658 2174 αἳματος,
686 2100 882 2159 οὔποτ’
913 2110 1025 2174 ἔρις

407 2194 588 2254 λείψει
613 2186 734 2244 κατ’
765 2186 1087 2260 ἀνθρώπων
1110 2186 1314 2254 πόλεις.

411 2276 470 2327 αἳ
493 2277 799 2344 Πριαμίδος
835 2281 936 2348 γᾶς
970 2280 1162 2330 ἔλιπον
1189 2272 1496 2346 θαλάμους,

408 2357 531 2425 ἐξὸν
557 2363 867 2430 διορθῶσαι
893 2359 1076 2430 λόγοις

406 2442 511 2498 σὰν
537 2449 683 2516 ἔριν,
713 2437 757 2500 ῶ
785 2441 990 2500 Ἑλένα.
1776 2456 1885 2499 1160

406 2533 516 2583 νῦν
545 2525 597 2585 δ’
626 2535 681 2585 οἳ
701 2530 803 2601 μὲν
825 2527 989 2603 ’Ἅιδᾳ
1010 2532 1268 2600 μέλονται
1293 2530 1459 2601 κάτω,

404 2618 583 2683 τείχεα
609 2614 670 2670 δὲ
693 2613 966 2687 φλογερὸς
1000 2611 1139 2670 ῶστε
1161 2613 1300 2680 Διὸς
1335 2617 1565 2672 ἐπέσυτο
1592 2612 1748 2683 φλόξ,

404 2699 493 2753 ἐπὶ
517 2699 579 2753 δὲ
606 2699 791 2756 πάθεα
817 2700 1022 2756 πάθεσι
1048 2702 1233 2771 φέρεις

406 2779 626 2849 ἀθλίοις
651 2787 712 2840 ἐν
735 2798 1048 2858 συμφοραῖς
1071 2791 1320 2851 αἰλίνοις.

681 2882 994 2927 1137-1150
1016 2896 1083 2916 =
1108 2885 1212 2926 1151
1232 2904 1293 2911 -
1310 2883 1421 2926 1164
