2022 3126
76 754 185 803 KA.

75 1259 192 1307 HA.

75 1511 188 1559 KA.

77 1596 194 1644 HA.

82 1847 190 1896 ΚΛ.

736 101 1061 147 ΗΛΕΚΤΡΑ

259 249 507 312 ναίουσι,
534 246 750 313 βροτῶν
775 243 834 295 ἐν
859 237 987 304 ἁλὸς
1012 243 1224 308 ῥοθίοις

260 326 414 398 τιμὰς
438 332 684 396 σωτῆρας
710 331 947 394 ἔχοντες·

256 424 437 482 χαῖρε,
467 416 659 480 σεβίζω
684 406 736 463 σ’
766 417 854 464 ἴσα
879 410 971 462 καὶ
995 408 1239 478 μάκαρας

260 496 506 550 πλούτου
532 494 766 565 μεγάλης
789 490 839 547 τ’
872 490 1241 562 εὐδαιμονίας.

258 578 353 644 τὰς
376 578 473 643 σὰς
498 583 530 633 δ
535 579 559 634 ὲ
582 578 748 648 τύχας
770 576 1189 646 θεραπεύεσθαι

260 664 465 734 καιρός.
494 660 662 734 χαῖρ’,
690 655 733 716 ὦ
759 667 1028 732 βασίλεια.

259 746 444 819 ἔκβητ’
475 745 711 818 ἀπήνης,
745 746 1021 819 Τρῳάδες,
1047 744 1227 816 χειρὸς
1253 742 1306 800 δ’
1336 748 1464 816 ἐμῆς

258 829 513 903 λάβεσθ’,
544 829 616 886 ἵν’
648 834 746 897 ἔξω
775 827 932 884 τοῦδ’
960 827 1093 900 ὄχου
1119 826 1298 900 στήσω
1324 830 1483 885 πόδα.

260 917 511 971 σκύλοισι
535 916 635 986 μὲν
659 913 762 986 γὰρ
787 920 941 969 θεῶν
970 915 1335 984 κεκόσμηνται
1361 915 1518 985 δόμοι

261 1006 554 1071 Φρυγίοις,
583 998 688 1069 ἐγω
718 999 779 1053 δὲ
802 1000 993 1068 τάσδε,
1028 997 1285 1071 Τρῳάδος
1307 1000 1511 1068 χθονὸς

261 1082 510 1155 ἐξαίρετ’,
540 1082 662 1139 ἀντὶ
686 1083 880 1147 παιδὸς
905 1079 974 1154 ἣν
999 1082 1253 1139 ἀπώλεσα

262 1167 495 1239 σμικρὸν
519 1171 708 1239 γέρας,
735 1166 906 1223 καλὸν
930 1168 991 1223 δὲ
1014 1171 1277 1238 κέκτημαι
1303 1168 1506 1238 δόμοις.

261 1250 471 1308 οὔκουν
497 1252 630 1323 ἐγώ,
658 1249 832 1323 δούλη
856 1251 960 1323 γὰρ
987 1254 1360 1323 ἐκβεβλημένη

260 1338 447 1408 δόμων
470 1337 740 1411 πατρῴων
764 1341 1052 1406 δυστυχεῖς
1070 1343 1202 1391 οἰκῶ
1226 1336 1444 1407 δόμους,

264 1427 431 1492 μῆτερ
447 1464 461 1491 ,
488 1421 736 1492 λάβωμαι
761 1427 1031 1492 μακαρίας
1053 1427 1148 1492 τῆς
1172 1426 1268 1492 σῆς
1290 1420 1476 1491 χερός;

261 1510 456 1560 δοῦλαι
483 1506 738 1575 πάρεισιν
763 1510 882 1560 αἵδε
899 1549 912 1575 ,
948 1504 1021 1576 μὴ
1045 1507 1116 1561 σύ
1139 1528 1232 1575 μοι
1255 1505 1430 1560 πόνει.

262 1596 321 1644 τί
346 1595 378 1645 δ
386 1587 422 1656 ’3
450 1588 793 1660 αἰχμάλωτόν
816 1596 908 1645 τοί
925 1587 984 1660 μ’
1013 1587 1291 1664 ἀπῴκισας
1315 1589 1517 1660 δόμων,

262 1672 554 1746 ᾑρημένων
580 1674 639 1729 δὲ
665 1674 932 1744 δωμάτων
956 1672 1229 1746 ᾑρήμεθα,

265 1755 338 1822 ὡς
367 1762 516 1829 αἵδε,
544 1758 746 1829 πατρὸς
770 1755 1013 1830 ὀρφαναὶ
1037 1760 1401 1829 λελειμμέναι.

259 1849 484 1898 τοιαῦτα
508 1845 695 1914 μέντοι
719 1841 813 1906 σὸς
840 1844 1017 1915 πατὴρ
1043 1841 1392 1914 βουλεύματα

269 1932 344 1992 εἰς
370 1923 467 1992 οὓς
492 1930 656 2000 ἐχρῆν
681 1924 858 1998 ἥκιστ’
887 1927 1220 1998 ἐβούλευσεν
1244 1933 1442 1998 φίλων.

262 2013 398 2077 λέξω
423 2013 511 2066 δέ·
538 2017 716 2066 καίτοι
741 2009 857 2077 δόξ’
885 2008 1019 2066 ὅταν
1042 2012 1183 2084 λάβῃ
1208 2010 1347 2082 κακὴ

263 2108 526 2166 γυναῖκα,
552 2095 773 2167 γλώσσῃ
797 2095 1058 2167 πικρότης
1083 2102 1265 2152 ἔνεστί
1283 2114 1388 2160 τις·

265 2176 336 2243 ὡς
361 2180 462 2249 μὲν
486 2177 607 2250 παρ’
634 2176 792 2251 ἡμῖν,
819 2177 886 2235 οὗ
912 2187 1114 2246 καλῶς·
1141 2180 1202 2236 τὸ
1229 2186 1449 2251 πρᾶγμα
1475 2179 1536 2235 δὲ

265 2263 572 2334 μαθόντας,
597 2260 668 2334 ἢν
692 2264 793 2335 μὲν
818 2261 978 2331 ἀξίως
1002 2278 1185 2336 μισεῖν
1212 2271 1322 2336 ἔχῃ,

266 2360 490 2418 στυγεῖν
517 2352 761 2403 δίκαιον·
792 2353 843 2404 εἰ
866 2349 926 2404 δὲ
948 2349 1047 2420 μή,
1074 2356 1132 2404 τί
1156 2354 1243 2404 δεῖ
1264 2360 1516 2419 στυγεῖν;

265 2429 403 2502 ἡμᾶς
429 2436 462 2486 δ
467 2430 480 2450 '
510 2437 681 2487 ἔδωκε
712 2433 1040 2503 Τυνδάρεως
1062 2439 1138 2507 τῷ
1162 2439 1239 2507 σῷ
1263 2438 1446 2503 πατρί,

267 2513 368 2586 οὐχ
393 2513 531 2572 ὥστε
554 2517 853 2587 θνήσκειν,
880 2515 1004 2572 οὐδ’
1035 2514 1068 2572 ἂ
1091 2523 1382 2588 γειναίμην
1407 2516 1529 2587 ἐγώ.

268 2613 448 2666 κεῖνος
473 2601 534 2656 δὲ
557 2606 726 2657 παῖδα
750 2600 849 2672 τὴν
874 2602 1009 2672 ε’μὴν
1027 2599 1311 2671 Ἀχιλλέως

267 2685 542 2755 λέκτροισι
567 2692 758 2750 πείσας
784 2683 940 2760 ᾤχετ’
970 2690 1029 2741 ἐκ
1054 2683 1242 2757 δόμων
1266 2683 1416 2755 ἄγων

266 2775 627 2840 πρυμνοῦχον
648 2763 832 2825 Αὖλιν
849 2788 860 2798 ·
888 2767 1007 2824 ἕνθ’
1036 2767 1364 2842 ὑπερτείνας
1388 2773 1565 2839 πυρᾶς

268 2851 474 2923 λευκὴν
499 2852 716 2924 διήμησ’
741 2851 1014 2925 Ἰφιγόνης
1038 2859 1296 2926 παρηίδα.

212 2949 366 2980 EVRIP.
407 2950 508 2980 vo1..
547 2937 581 2980 Ι.
1390 2931 1454 2982 18

1620 96 1718 147 ’273

1637 506 1723 551 995

1618 930 1723 970 1000

1620 1351 1725 1392 1005

1620 1774 1727 1815 1010

1622 2195 1725 2235 1015

1623 2613 1728 2655 1020
