2022 3126
247 2779 351 2827 XO.

795 81 904 127 AN
902 79 1257 126 APOMAXH

414 233 638 276 κτανεῖν
665 222 852 276 θέλων
876 216 1032 292 τήνδ’
1064 222 1122 273 ἐκ
1150 225 1329 290 χερῶν
1353 216 1675 290 ἁρπαζομαι.

414 311 594 362 καίτοι
619 303 747 377 φέρ’
769 348 782 375 ,
820 301 1071 370 ἅψασθαι
1097 302 1200 374 γὰρ
1232 302 1336 359 οὐκ
1362 301 1590 374 αἰσχρὸν
1615 302 1802 373 λόγου,

412 386 484 462 ἦν
508 403 633 455 παῖς
658 389 760 461 μὲν
784 386 894 461 ἡμὴ
920 387 994 460 μὴ
1021 391 1176 461 τέκῃ,
1203 390 1402 460 ταύτης
1428 393 1460 442 δ
1467 385 1479 405 ’
1510 385 1615 442 ἄπο

412 475 687 546 βλάστωσι
712 479 934 543 παῖδες,
961 476 1126 544 τῆσδε
1154 479 1251 544 γῆς
1278 470 1594 537 Φθιώτιδος

416 560 631 630 στήσεις
655 558 993 631 τυράννους,
1019 556 1290 628 βάρβαροι
1314 555 1366 613 δ’
1397 556 1551 622 ὄντες
1576 558 1735 628 γένος
1807 570 1890 613 665

402 641 658 715 Ἕλλησιν
682 640 907 714 ἅρξουσ’
934 669 947 709 ;
989 638 1086 697 εἶτ’
1117 641 1222 713 ἐγώ
1248 643 1350 712 μὲν
1375 639 1443 697 οὐ
1470 647 1663 713 φρονῶ

415 735 593 800 μισῶν
618 729 681 784 τὰ
704 727 776 799 μὴ
804 733 1021 797 δίκαια,
1049 728 1135 781 σοὶ
1161 724 1213 782 δ’
1245 733 1423 782 ἔνεστι
1447 733 1612 792 νοῦς;

418 815 662 891 [κάκεῖνο
693 820 803 872 νῦν
835 813 1117 886 ἄθρησον·
1153 818 1204 869 εἰ
1233 813 1303 869 σύ
1337 818 1509 869 παῖδα
1540 813 1645 883 σὴν

418 898 549 962 δούς
575 920 649 971 τςο
676 902 945 967 πολιτῶν,
974 892 1073 950 εἶτ’
1104 900 1304 966 ἔπασχε
1328 895 1530 964 τοιάδε,

418 989 544 1056 σιγῇ
569 979 774 1053 καθῆσ’
804 979 902 1049 ἄν,
930 978 996 1037 οὗ
1023 985 1197 1036 δοκῶ·
1227 981 1383 1052 ξένης
1409 977 1462 1035 δ’
1491 977 1634 1051 ῧπερ
1811 993 1893 1037 670

418 1073 642 1125 τοιαῦτα
665 1067 884 1132 λάσκεις
908 1065 1037 1130 τοὺς
1062 1062 1400 1134 ἀναγκαίους
1427 1071 1657 1137 φίλους;

417 1154 509 1208 καὶ
532 1152 642 1224 μὴν
667 1160 790 1207 ἴσον
819 1149 872 1224 γ’
902 1148 1042 1222 ἀνήρ
1067 1174 1124 1205 τε
1149 1152 1240 1205 καὶ
1266 1149 1409 1222 γυνὴ
1437 1152 1630 1205 σθένει

417 1236 754 1308 ἀδικουμένη
779 1235 916 1310 πρὸς
940 1233 1170 1307 ἀνδρός·
1199 1233 1270 1300 ῶς
1296 1233 1346 1291 δ’
1377 1233 1557 1300 αὔτως
1583 1232 1722 1306 ἀνὴρ

417 1335 656 1394 γυναῖκα
680 1328 1077 1394 μωραίνουσαν
1103 1323 1162 1376 ἐν
1187 1321 1377 1391 δόμοις
1403 1326 1558 1392 ἔχων.

416 1410 508 1464 καὶ
536 1413 610 1482 τῷ
635 1407 736 1479 μὲν
762 1412 910 1463 ἔστιν
934 1409 994 1461 ἐν
1017 1419 1204 1477 χεροῖν
1227 1408 1366 1476 μέγα
1395 1408 1615 1475 σθένος,
1811 1419 1893 1462 675

417 1500 481 1566 τῇ
512 1492 563 1549 δ’
594 1496 654 1548 ἐν
676 1498 904 1564 γονεῦσι
929 1493 1021 1546 καὶ
1047 1497 1230 1562 φίλοις
1255 1489 1320 1546 τὰ
1344 1490 1652 1565 πράγματα.

420 1576 630 1635 οὔκουν
655 1582 875 1635 δίκαιον
901 1590 1012 1642 τοῖς
1038 1574 1091 1647 γ’
1125 1579 1272 1648 ἐμοῖς
1297 1578 1609 1648 ἐπωφελεῖν
1624 1575 1659 1649 3]

419 1667 600 1736 γέρων
625 1665 804 1735 γέρων
831 1662 903 1718 εἴ·
932 1661 1033 1734 τὴν
1059 1659 1111 1717 δ’
1142 1660 1278 1733 ἐμὴν
1309 1665 1645 1733 στρατηγίαν

420 1751 599 1820 λέγων
624 1746 708 1820 ἔμ’
741 1746 978 1819 ῶφελοῖς
1005 1743 1074 1802 ἂν
1101 1743 1135 1818 ἦ
1159 1753 1334 1818 σιγῶν
1356 1749 1543 1803 πλέον.

414 1832 601 1905 Ἑλένη
627 1831 680 1888 δ’
711 1831 973 1905 ἑμόχθησ’
1005 1829 1106 1903 οὐχ
1132 1830 1340 1900 ἑκοῦσ’,
1368 1829 1490 1887 ἀλλ’
1521 1835 1580 1887 ἐκ
1605 1837 1776 1900 θεῶν,
1815 1845 1896 1888 680

421 1921 514 1974 καὶ
537 1924 700 1974 τοῦτο
725 1926 982 1974 πλεῖστον
1008 1914 1296 1989 ῶφέλησεν
1316 1914 1546 1972 Ἑλλάδα
1565 1934 1576 1944 ·

423 2001 611 2060 ὅπλων
638 2003 741 2076 γὰρ
769 2001 923 2069 ὄντες
948 2004 1039 2057 καὶ
1063 2002 1233 2073 μάχης
1262 1998 1512 2075 ἄίστορες

422 2096 628 2161 ἔβησαν
653 2095 728 2153 εἰς
753 2086 1072 2160 τάνδρεῖον·
1100 2084 1132 2158 ἡ
1158 2083 1213 2142 δ’
1243 2083 1429 2158 ὁμιλία

423 2175 646 2231 πάντων
671 2181 916 2246 βροτοῖσι
934 2179 1182 2245 γίγνεται
1208 2172 1554 2236 διδάσκαλος.

427 2266 476 2316 εἰ
499 2257 551 2316 δ’
582 2265 658 2325 εἰς
683 2259 960 2332 πρόσοψιν
984 2264 1077 2329 τῆς
1105 2260 1234 2329 ἐμῆς
1260 2255 1446 2312 ε’λθῶν
1471 2255 1577 2328 ἐγῶ
1813 2269 1897 2313 685

425 2344 690 2417 γυναικὸς
713 2351 873 2415 ἔσχον
897 2343 968 2415 μὴ
997 2355 1245 2411 κτανεῖν,
1273 2342 1651 2413 ἐσωφρόνουν.

423 2428 547 2486 οὐδ’
578 2428 647 2486 ἅν
673 2450 733 2485 σε
760 2435 960 2485 Φῶκον
990 2426 1196 2500 ἤθελον
1222 2439 1600 2483 κατακτανεῖν.

424 2514 578 2570 ταῦτ’
611 2508 674 2570 εὖ
700 2520 928 2587 φρονῶν
962 2512 1013 2569 σ’
1044 2517 1319 2585 ἐπῆλθον,
1347 2509 1449 2567 οὐκ
1475 2509 1642 2582 ὀργῆς
1665 2512 1849 2582 χάριν·

424 2598 494 2671 ἢν
519 2598 571 2656 δ’
602 2597 916 2672 ὄξυθυμῇς,
943 2600 1031 2654 σοὶ
1054 2598 1155 2669 μὲν
1179 2595 1211 2670 ἡ
1239 2603 1589 2669 γλωσσαλγία
1654 2629 1656 2631 >

424 2692 653 2758 μείζων,
683 2687 802 2756 ἐμοὶ
827 2685 889 2740 δὲ
913 2687 1105 2756 κέρδος
1129 2680 1162 2754 ἡ
1187 2687 1491 2753 προμηθία.
1815 2693 1898 2736 690

422 2771 754 2827 παύσασθον
777 2767 910 2840 ἤδη,
936 2775 1116 2843 λῷστα
1140 2765 1245 2840 γὰρ
1269 2772 1461 2840 μακρῷ
1488 2767 1634 2836 τάδε,

428 2856 609 2926 λόγων
633 2861 898 2925 ματαίων,
923 2852 995 2925 μὴ
1026 2852 1128 2909 δύο
1153 2848 1400 2923 σφαλῆθ’
1432 2848 1557 2921 ἅμα.
