2022 3126
134 401 253 449 ΗΛ.

807 86 1133 133 ΗΛΕΚΤΡΑ

320 227 507 298 πρόσω
533 223 637 296 γὰρ
663 221 867 288 ἄστεως
890 216 1030 279 οὖσα
1055 223 1158 279 τᾶν
1181 226 1336 282 πόλει
1361 224 1503 282 κακὰ

323 309 425 367 οὐκ
451 310 601 378 οἶδα,
626 314 736 364 νῦν
760 308 820 364 δὲ
843 308 1113 379 βούλομαι
1137 308 1288 382 κάγὼ
1314 321 1534 382 μαθεῖν.

1685 85 1782 135 251
1838 62 1841 66 ’

320 391 528 467 λέγοιμ’
558 390 653 462 ἅν,
684 398 735 447 εἰ
754 392 884 464 χρή·
911 391 1014 464 χρὴ
1040 393 1101 448 δὲ
1126 394 1263 464 πρὸς
1287 401 1454 466 φίλον
1479 398 1661 462 λέγειν
1704 411 1788 453 300

318 481 483 550 τύχας
506 483 730 550 βαρείας
753 476 848 542 τὰς
871 475 999 548 ἐμὰς
1024 475 1205 547 κάμοῦ
1231 480 1450 551 πατρός.

320 566 438 620 ἐπεὶ
464 563 525 618 δὲ
548 575 720 626 κινεῖς
744 567 959 633 μῦθον,
988 563 1243 633 ἱκετεύω,
1269 566 1406 635 ξένε,

319 645 541 720 ἄγγελλ’
570 644 795 719 Ὀρέστῃ
819 643 961 717 τάμὰ
986 649 1079 701 καὶ
1104 654 1293 702 κείνου
1317 650 1475 720 κακά,

319 740 540 805 πρῶτον
563 732 664 802 μὲν
689 735 822 796 οἵοις
848 735 908 787 ἐν
934 733 1159 795 πέπλοις
1185 730 1489 804 αὐλίζομαι,

319 824 463 891 πίνῳ
489 814 550 871 θ’
580 814 690 890 ὅσῳ
716 813 962 887 βέβριθ’,
988 813 1097 871 ὑπὸ
1123 819 1372 887 στέγαισί
1396 842 1453 874 τε

318 906 484 957 οἵαισι
509 907 646 956 ναίω
673 906 977 971 βασιλικῶν
1001 903 1059 955 ἐκ
1085 901 1371 972 δωμάτων,

318 983 455 1056 αὕτη
480 985 581 1056 μὲν
607 988 957 1055 ἐκμοχθοῦσα
981 991 1231 1057 κερκίσιν
1258 988 1516 1059 πέπλους,

320 1064 372 1137 [ἢ
403 1070 620 1137 γυμνὸν
651 1070 752 1133 ἔξω
784 1073 942 1139 σῶμα
970 1071 1063 1124 καὶ
1095 1070 1468 1144 στερήσομαι,]

319 1149 459 1223 αὕτη
485 1152 546 1208 δὲ
570 1150 746 1223 πηγὰς
771 1157 1071 1223 ποταμίους
1099 1157 1437 1226 φορουμένη.

317 1233 612 1334 ἀναίνομαι
639 1236 698 1288 δὲ
732 1236 946 1304 γυμνὰς
980 1240 1120 1291 οὐσα
1155 1242 1491 1311 παρθένους,

319 1314 578 1384 ἀνέορτος
606 1337 772 1384 ιερων
798 1318 888 1371 καὶ
913 1340 1097 1388 χορων
1124 1324 1424 1391 τητωμένη,

319 1400 614 1476 ἀναίνομαι
638 1406 700 1461 δὲ
721 1403 966 1478 Καστορ’
972 1450 985 1477 ,
1018 1408 1060 1480 ςὸ
1089 1410 1221 1479 πριν
1247 1416 1323 1475 εις
1345 1410 1518 1477 θεοὺς

319 1491 508 1544 ἐλθεῖν
536 1487 620 1560 ἔμ’
650 1490 1005 1590 ἐμνήστευον,
1033 1493 1209 1548 οὖσαν
1233 1497 1446 1566 ἐγγενῆ.

315 1573 489 1644 μήτηρ
520 1571 573 1629 δ’
601 1573 700 1645 ἐμὴ
729 1581 1060 1646 Φρυγίοισιν
1084 1580 1144 1632 ἐν
1169 1580 1510 1651 σκυλεύμασι

316 1659 508 1732 θρόνῳ
535 1659 802 1730 κάθηται,
829 1659 966 1731 πρὸς
990 1658 1043 1715 δ’
1078 1665 1328 1732 ἕδραισι-ν
1352 1662 1563 1732 Ἀσίδες

318 1745 496 1812 δμωαὶ
522 1741 850 1812 στατίζουσ’,
877 1741 939 1809 ἂς
965 1745 1152 1817 ἐπερσ’
1182 1747 1308 1819 ἐμὸς
1333 1751 1527 1821 πατήρ,

311 1823 478 1882 Ἰὃαῖα
504 1828 654 1900 φάρη
678 1831 935 1900 χρυσέαις
960 1833 1277 1902 ἐζευγμέναι

314 1911 632 1981 πόρπαισιν.
666 1910 798 1985 αἷμα
823 1911 875 1969 δ’
909 1921 988 1970 ἔτι
1013 1915 1218 1987 πατρὸς
1240 1917 1380 1974 κατὰ
1404 1924 1595 1992 στέγας

314 1998 486 2066 μέλαν
509 2000 770 2069 σέσηπεν·
798 1996 857 2064 ὃς
882 1997 933 2055 δ’
965 2003 1179 2057 ἐκεῖνον
1204 2009 1448 2075 ἔκτανεν,

317 2086 392 2146 εἰς
416 2079 588 2138 ταῦτα
611 2089 825 2153 βαίνων
849 2081 1046 2183 ἅρματ’
1076 2089 1308 2161 ἐκφοιτᾷ
1331 2092 1495 2160 πατρὶ

313 2176 406 2220 και
430 2165 667 2240 σκῆπτρ’
695 2171 755 2223 ἐν
779 2165 860 2233 οἷς
874 2165 1134 2241 Ἐλλησιν
1160 2171 1543 2245 ἐστρατηλατει

313 2251 658 2322 μιαιφόνοισι
684 2255 836 2323 χερσὶ
862 2262 1170 2325 γαυροῦται
1193 2258 1397 2328 λαβων.

307 2330 708 2438 Ἀγαμέμνονος
733 2337 794 2393 δε
818 2338 1025 2410 τύμβος
1048 2338 1410 2413 ητιμασμένος

313 2420 469 2477 ου’πω
500 2446 627 2494 χοας
659 2423 780 2480 ποτ’
814 2424 948 2480 ουδε
978 2431 1166 2482 κλωνα
1195 2433 1467 2498 μυρσίνης

315 2507 504 2574 ἔλαβε,
530 2503 680 2576 πυρὰ
705 2505 766 2561 δὲ
789 2509 981 2577 χέρσος
1006 2504 1408 2579 ἀγλαϊσμάτων.

312 2588 458 2660 μέθῃ
487 2590 548 2645 δὲ
575 2592 832 2661 βρεχθεὶς
856 2597 950 2661 τῆς
976 2594 1105 2662 ἐμῆς
1134 2592 1337 2664 μητρὸς
1364 2594 1520 2658 πόσις

315 2667 343 2726 ὅ
369 2673 610 2745 κλεινός,
640 2672 711 2739 ὡς
733 2677 1018 2746 λέγουσιν,
1045 2677 1351 2749 ἐνθρώσκει
1374 2678 1530 2754 τάφῳ

316 2757 532 2829 πέτροις
555 2782 614 2814 τε
638 2759 788 2814 λεύει
812 2766 997 2830 μνῆμα
1020 2757 1216 2817 λάινον
1240 2761 1443 2835 πατρὸς

313 2842 406 2896 καὶ
429 2848 590 2898 τοῦτο
617 2850 789 2916 τολμᾷ
813 2842 1016 2908 τοῦπος
1043 2851 1118 2909 εἰς
1143 2843 1281 2916 ἡμᾶς
1306 2849 1513 2917 λέγειν·

1704 1257 1784 1302 311

1707 1340 1789 1383 310

1704 1682 1786 1725 315

1704 2103 1785 2144 320

1698 2526 1781 2568 325
