2022 3126
810 94 1080 142 BAKXAI
1647 84 1742 133 125

277 250 424 309 ἔλεξε
449 237 623 296 τοιάδ’
648 256 658 265 ·
693 229 735 290 ῶ
759 230 882 302 ξέν’,
912 225 980 286 οὗ
1006 231 1105 301 μὲν
1132 232 1382 300 ἕσταμεν,

279 327 382 385 οὐκ
408 329 723 394 ἐξικνοῦμαι
747 317 1063 374 Μαινάδων
1090 333 1223 368 οσον
1255 316 1438 365 ποθῶ·
1639 326 1751 370 1060

280 412 453 485 οχθον
478 407 530 466 δ’
568 402 806 477 ἐπεμβὰς
831 399 866 473 ἢ
891 402 1088 471 ἐλάτην
1110 396 1400 469 ὑψαύχενα

281 495 443 568 ἴδοιμ’
473 493 542 550 α“ν
566 490 753 560 ὀρθῶς
776 485 1092 544 Μαινάδων
1119 489 1533 554 αἰσχρουργίαν.

282 581 628 640 τούντεῦθεν
655 574 760 646 ἤδη
785 578 883 628 τοῦ
910 573 1070 637 ξένου
1097 566 1390 640 θαυμάσθ’
1425 565 1559 637 ὁρῶ·

285 666 472 738 λαβὼν
503 685 608 735 γαρ
635 661 826 730 ἐλάτης
851 655 1117 726 οὐράνιον
1141 653 1317 723 άκρον
1343 652 1550 706 κλάδον

285 759 552 823 κατῆγεν,
578 750 741 845 ἦγεν
769 746 906 815 ήγεν
933 747 1008 806 εἰς
1021 741 1204 840 μέλαν
1229 740 1425 792 πέδον·
1645 749 1755 792 1065

284 841 556 894 κυκλοῦτο
586 829 636 887 δ
668 827 806 885 ῶστε
830 822 1035 893 τόξον
1010 849 1043 897 η
1069 822 1270 894 κυρτὸς
1292 820 1485 892 τροχὸς

285 923 462 996 τόρνῳ
488 916 836 1018 γραφόμενος
864 909 1203 982 περιφοράν,
1232 905 1618 977 ελικοδρόμον·

290 1005 362 1072 ῶς
386 1002 546 1061 κλῶν’
578 1000 762 1072 όρειον
787 996 814 1055 ὁ
840 999 991 1064 ξένος
1015 1006 1203 1066 χεροῖν
1227 990 1380 1064 άγων

289 1099 560 1162 ἔκαμπτεν
589 1093 664 1151 εἰς
691 1091 824 1156 γῆν,
853 1077 1066 1155 ἔργματ’
1098 1075 1221 1149 οὐχὶ
1244 1076 1425 1148 θνητα
1451 1082 1617 1148 δρῶν.

286 1176 512 1232 Πενθέα
539 1171 593 1228 δ’
627 1170 855 1242 ἱδρύσας
881 1171 1149 1222 ἐλατίνων
1181 1161 1320 1230 όζων
1347 1168 1452 1230 ἐπι,
1652 1173 1762 1217 1070

292 1260 470 1331 ὀρθὸν
494 1264 680 1331 μεθίει
709 1253 802 1311 διὰ
827 1258 1005 1324 χερῶν
1030 1245 1286 1323 βλάστημ
1318 1245 1432 1302 άνω

292 1346 524 1416 ἀτρέμα,
552 1342 856 1413 φυλάσσων
885 1337 957 1409 μὴ
985 1334 1356 1405 ἀναχαιτίσειέ
1376 1356 1484 1387 νιν.

294 1429 439 1502 ὀρθὴ
466 1428 517 1484 δ’
552 1433 604 1493 ἐς
628 1424 808 1498 ὀρθὸν
832 1419 1007 1523 αἰθέρ’
1038 1424 1341 1490 ἐστηρίζετο

296 1524 496 1587 έχουσα
521 1512 716 1575 νῶτοις
741 1509 1017 1577 δεσπότην
1042 1506 1340 1576 ἐφήμενον.

300 1601 470 1672 ῶφθη
503 1600 561 1653 δε
588 1603 798 1668 μαλλον
821 1590 856 1664 ή
880 1595 1099 1648 κατειδε
1124 1588 1447 1652 Μαινάδας·
1660 1595 1768 1639 1075

300 1686 433 1742 όσον
457 1683 562 1755 γὰρ
590 1679 745 1737 ούπω
772 1684 936 1750 δῆλος
964 1679 1034 1747 ήν
1060 1675 1291 1730 θάσσων
1317 1670 1450 1742 άνω,

304 1774 397 1827 καὶ
426 1768 524 1824 τὸν
553 1769 711 1834 ξένον
739 1788 841 1836 μεν
870 1758 1042 1818 οὐκέτ’
1080 1765 1301 1829 εἰσορᾶν
1331 1761 1531 1859 παρῆν,

307 1861 366 1912 ἐκ
398 1853 449 1910 δ’
486 1854 711 1921 αἰθέρος
743 1848 905 1922 φωνή
934 1871 1043 1917 τις,
1077 1841 1148 1909 ῶς
1179 1867 1279 1915 μεν
1312 1842 1524 1898 εἰκάσαι

306 1941 619 2007 Διόνυσος,
654 1933 988 2006 ἀνεβόησεν·
1023 1932 1064 1986 ῶ
1096 1930 1366 1998 νεάνιδες,

307 2025 423 2098 άγω
453 2022 551 2079 τὸν
584 2020 726 2092 υμᾶς
754 2017 893 2090 κάμε
922 2015 1064 2088 τάμά
1093 2012 1133 2070 τ’
1167 2011 1328 2085 όργια
1665 2021 1775 2064 1080

309 2114 488 2183 γέλων
517 2109 842 2177 τιθέμενον·
878 2101 1017 2158 ἀλλὰ
1048 2100 1386 2171 τιμωρεῖσθέ
1410 2120 1518 2152 νιν.

311 2199 405 2252 καὶ
434 2191 594 2250 ταῦθ’
630 2188 713 2262 ἅμ’
748 2188 987 2261 ἠγόρευε
1017 2188 1111 2242 καὶ
1140 2183 1278 2254 πρὸς
1307 2179 1554 2254 ουρανὸν

313 2284 406 2357 καὶ
436 2291 600 2351 γαῖαν
631 2275 874 2347 ἐστήριξε
905 2280 1025 2345 φῶς
1053 2275 1263 2342 σεμνοῦ
1294 2267 1485 2340 πυρός.

315 2372 507 2437 σίγησε
539 2361 590 2418 δ’
626 2361 827 2431 αἰθήρ,
861 2372 987 2429 σιγα
1018 2354 1070 2412 δ’
1107 2353 1360 2425 εύλειμος
1389 2352 1535 2422 νάπη

317 2448 474 2522 φύλλ’
511 2448 646 2519 εἶχε,
672 2451 869 2517 θηρῶν
900 2442 953 2498 δ’
987 2440 1091 2498 οὐκ
1122 2464 1190 2495 αν
1219 2437 1459 2511 ἤκουσας
1487 2435 1638 2507 βοήν.
1672 2446 1780 2490 1085

317 2561 374 2592 αι
405 2533 459 2590 δ’
495 2531 632 2589 ῶσὶν
660 2529 800 2603 ἠχὴν
830 2527 896 2585 οὐ
927 2533 1118 2598 σαφῶς
1149 2526 1476 2623 δεδεγμέναι

321 2627 552 2690 ἔστησαν
583 2615 753 2689 ὀρθαὶ
783 2617 875 2670 καὶ
907 2613 1208 2684 διήνεγκαν
1237 2609 1422 2680 κόρας.

321 2702 353 2761 δ
378 2701 431 2760 δ’
467 2697 634 2768 αὖθις
659 2702 1046 2757 ἐπεκέλευσεν·
1077 2693 1149 2760 ῶς
1175 2700 1207 2749 δ
1217 2692 1229 2712 ’
1264 2693 1574 2765 ἐγνώρισαν

322 2796 472 2860 σαφῆ
503 2784 811 2857 κελευσμὸν
838 2789 1081 2853 Βακχίου
1110 2780 1345 2850 Κάδμου
1375 2777 1553 2850 κόραι,

327 2868 459 2948 ᾖξαν
485 2878 703 2936 πελείας
729 2866 954 2941 ὠκύτητ’
983 2864 1084 2937 οὐχ
1107 2862 1338 2936 ἥσσονες
1680 2869 1788 2913 1090
