2022 3126
241 115 307 166 22

241 271 359 315 AA.

236 353 351 400 ΗΡ.

234 439 357 486 ΑΔ.

234 523 349 571 ΗΡ.

233 611 355 657 ΑΔ.

238 693 346 741 ΗΡ.

233 780 352 827 ΑΔ.

231 864 343 912 ΗΡ.

228 952 349 997 ΑΔ.

227 1034 341 1083 ΗΡ.

228 1123 348 1169 ΑΔ.

226 1205 338 1254 ΗΡ.

225 1293 345 1339 ΑΔ.

221 1376 336 1425 ΗΡ.

222 1465 341 1510 ΑΔ.

220 1547 332 1595 ΗΡ.

217 1635 338 1681 ΑΔ.

217 1717 330 1766 ΗΡ.

214 1806 335 1852 ΑΔ.

214 1889 328 1937 ΗΡ.

216 1975 335 2023 ΑΔ.

217 2062 273 2110 Η
272 2062 325 2110 P.

210 2235 329 2282 ΑΔ.

210 2318 322 2366 ΗΡ

209 2406 329 2452 ΑΔ.

208 2488 320 2537 ΗΡ.

216 2576 327 2623 ΑΔ.

209 2659 319 2708 ΗΡ.

206 2746 325 2793 ΑΔ.

204 2830 318 2877 ΗΡ.

208 2916 325 2964 ΑΔ.

860 119 1229 166 ΑΛΚΗΣΤΙΣ

429 267 595 329 ζῶσιν
622 258 732 317 κατ’
766 270 952 326 οἴκους
978 265 1170 327 παῖδες
1197 260 1295 327 οὓς
1326 260 1484 334 ἕφυσ’
1526 269 1647 335 ἐγώ.
1824 284 1904 323 515

424 346 601 418 πατήρ
627 369 690 416 γε
719 344 830 417 μὴν
856 343 1082 417 ὡραῖος,
1112 356 1266 417 εἴπερ
1292 357 1513 419 οἴχεται.

427 429 682 495 κάκεῖνος
708 436 821 486 ἔστι
851 428 917 503 χὴ
943 433 1179 487 τεκοῦσα
1201 431 1270 503 μ’,
1291 430 1606 505 (Ηράκλεις.

427 514 493 572 οὐ
519 514 630 587 μὴν
655 516 798 587 γυνή
823 513 868 586 γ>
898 513 1106 571 ὄλωλεν
1117 514 1422 588 ”Αλκηστις
1447 522 1647 586 σέθεν;

428 605 659 665 διπλοῦς
685 597 771 655 ἐπ’
801 598 942 673 αὐτῇ
967 608 1150 671 μῦθος
1179 608 1294 657 ἔστι
1319 625 1412 674 μοι
1436 606 1635 673 λέγειν.

425 686 629 756 πότερα
652 685 938 757 θανούσης
967 685 1120 750 εἶπας
1145 683 1179 757 ἢ
1204 686 1375 758 ζώσης
1403 690 1551 760 πέρις
1819 705 1902 747 520

425 777 574 827 ἔστιν
598 793 656 825 τε
689 768 906 826 κούκέτ’
939 777 1116 839 ε’,στιν
1144 769 1377 842 ἀλγύνει
1403 777 1466 828 δέ
1487 796 1555 844 με

416 854 584 912 οὐδέν
615 879 666 911 τι
691 862 902 927 μᾶλλον
929 853 1055 911 οἶδ’·
1084 855 1266 929 ἄσημα
1292 856 1396 928 γὰρ
1422 861 1615 929 λέγεις.

420 939 520 997 οὐκ
546 941 711 997 οἶσθα
741 948 935 1012 ιιοίρας
958 934 1021 1013 ἧς
1046 955 1234 1013 τυχεῖν
1259 940 1437 1014 αὐτὴν
1461 944 1670 1014 χρεών;

412 1024 521 1083 οἶδ’
551 1025 674 1083 ἀντὶ
698 1033 801 1082 σοῦ
827 1050 890 1098 γε
915 1035 1221 1084 κατθανεῖν
1245 1025 1574 1099 υφειμεᾝνην

418 1119 533 1177 πῶς
559 1105 663 1168 οὖν
690 1110 754 1167 ἔτ
787 1118 962 1182 ἔστιν
991 1121 1143 1183 εἴπερ
1170 1110 1370 1186 ᾕνεσεν
1394 1114 1554 1170 τάδε·
1542 1140 1555 1180 ;
1811 1129 1895 1171 525

415 1199 465 1268 ἀ,
493 1196 565 1269 μὴ
599 1195 844 1268 πρόκλαί
877 1220 1119 1267 ακοιτιν
1149 1204 1226 1263 εἰς
1250 1196 1369 1254 τόδ’
1402 1198 1666 1271 ἄμβαλοῦ

415 1280 631 1354 τέθνηχ’
661 1280 688 1338 ὁ
715 1285 954 1354 μέλλων.
982 1280 1192 1338 κούκέτ’
1223 1281 1336 1339 ἔσθ’
1369 1280 1396 1339 ὁ
1429 1285 1743 1340 κατθανών.

407 1371 573 1441 χωρὶς
600 1368 662 1424 τό
684 1365 723 1423 τ’
755 1367 896 1424 εἶναι
930 1371 1022 1424 καὶ
1045 1367 1105 1424 τὸ
1131 1368 1204 1440 μὴ
1231 1375 1524 1440 νομίζεται.

413 1452 484 1509 σὺ
510 1457 640 1526 τῇδε
672 1460 910 1525 κρίνεις,
931 1451 1243 1523 Ἡράκλεις,
1271 1460 1429 1527 κείνῃ
1463 1452 1516 1509 δ’
1545 1455 1666 1525 ἐγώ.

403 1545 461 1594 τί
479 1543 617 1610 δῆτα
642 1545 880 1605 κλαίεις;
908 1546 987 1603 τίς
1018 1545 1201 1609 φίλων
1226 1536 1253 1595 ὁ
1281 1539 1609 1605 κατθανών;
1807 1554 1890 1597 530

410 1624 578 1695 γυνή·
604 1623 870 1696 γυναικὸς
896 1622 1095 1695 ἀρτίως
1119 1625 1463 1696 μεμνήμεθα.

406 1707 628 1775 ὄθνεῖος
654 1707 688 1781 ἢ
718 1712 804 1765 σοὶ
833 1708 1106 1782 συγγενὴς
1130 1708 1351 1781 γεγῶσα
1381 1733 1491 1775 τις;

408 1791 658 1865 ὀθνεῖος,
687 1792 864 1860 αλλως
890 1792 942 1850 δ’
970 1797 1041 1866 ἠν
1066 1792 1341 1866 αναγκαία
1367 1795 1573 1865 δόμοις.

404 1886 520 1945 πῶς
549 1881 652 1935 οὐν
681 1884 741 1936 ἐν
765 1889 936 1945 οἴκοις
961 1892 1141 1935 σοῖσιν
1173 1877 1380 1935 ω’λεσεν
1405 1886 1560 1950 βίον;

407 1964 612 2038 πατρὸς
638 1965 912 2030 θανόντος
939 1962 1137 2021 ἐνθάδ’
1176 1963 1552 2035 ὦρφανεύετο.
1800 1978 1883 2021 535

404 2059 531 2125 φεῦ.

403 2135 504 2195 εἴθ’
536 2134 782 2209 ηὕρομέν
809 2135 881 2208 σ’,
899 2134 1167 2209 ’Ἀδμητε,
1202 2134 1273 2207 μὴ
1302 2136 1671 2206 λυπούμενον.

403 2247 474 2289 ως
501 2223 569 2294 δὴ
595 2230 652 2278 τί
672 2222 896 2293 δρασων
922 2220 1078 2278 τόνδ’
1107 2219 1428 2291 υπορράπτε
1407 2245 1482 2285 εις
1508 2218 1706 2291 λόγους

400 2311 574 2376 ξένων
599 2307 736 2381 πρὸς
762 2306 947 2363 ἄλλων
974 2310 1159 2363 ἑστίαν
1184 2305 1542 2378 πορεύσομαι.

403 2391 506 2451 οὐκ
536 2400 714 2464 ἔστιν,
744 2395 914 2460 ὦναξ·
942 2392 1014 2464 μὴ
1040 2389 1265 2448 τοσόνδ’
1295 2397 1453 2448 ἔλθοι
1477 2392 1666 2447 κακόν.

398 2481 769 2551 λυπουμένοις
794 2477 1052 2550 ὀχληρός,
1081 2483 1133 2534 εἰ
1151 2477 1337 2548 μόλοι,
1363 2479 1530 2542 ξένος.
1791 2490 1874 2531 540

399 2571 667 2621 τεθνᾶσιν
692 2569 750 2619 οἶ
769 2564 1064 2628 θανόντες·
1092 2559 1206 2619 ἀλλ’
1237 2560 1312 2618 ἴθ’
1346 2567 1422 2625 εἰς
1440 2562 1674 2632 δόμους..

396 2648 625 2722 αἰσχρὸν
650 2648 797 2720 παρὰ
822 2656 1077 2705 κλαίουσι
1102 2653 1409 2703 θοινᾶσθαι
1434 2651 1636 2717 φίλοις.

395 2737 562 2808 χωρὶς
587 2737 820 2801 ξενῶνές
847 2741 987 2790 εἰσιν
1012 2730 1068 2789 οἶ
1088 2732 1135 2788 σ’
1171 2733 1446 2803 ἐσάξομεν.

390 2823 558 2894 μέθες
590 2843 684 2891 με,
712 2826 809 2875 καί
829 2838 915 2875 σοι
940 2825 1148 2889 μυρίαν
1173 2821 1275 2884 ἔξω
1300 2817 1478 2887 χάριν.

397 2903 499 2962 οὐκ
527 2912 676 2962 ἔστιν
700 2902 872 2960 ἄλλου
898 2901 945 2958 σ’
978 2901 1181 2975 ἀνδρὸς
1207 2905 1393 2958 ἑστίαν
1418 2908 1625 2972 μολεῖν.
1786 2913 1869 2956 545
