2022 3126
227 111 375 156 XXVI
730 110 812 151 DE
843 110 1150 153 EVRIPIDIS
1179 107 1360 153 POESI

227 246 269 279 ⁴5
288 229 445 287 Λάμια
1121 232 1397 288 Σθενέβοια

282 287 545 342 Λικύμνιος
1061 299 1104 334 65
1120 291 1337 343 Σίσυφος

282 345 574 399 Μελανίππη
605 340 636 412 ἡ
667 345 898 408 δεσμΙῶτις
1119 347 1333 408 Σκείρων

282 401 575 456 Μελανίππη
607 416 637 456 η
667 414 792 455 σοφη
1119 403 1323 453 Σκυριαι

282 455 556 511 Μελέαγρος
1120 453 1307 505 Συλεὺς

225 524 267 557 50
283 514 542 556 ΜΗΔΕΙΑ
1125 509 1307 575 Τέννης

283 567 520 617 Οἰδίπους
1065 577 1106 611 '20
1127 569 1344 621 Τηλεφος

283 619 455 672 Οἰνεύς
1127 623 1396 675 Τημενίδαι

287 675 527 733 Οἰνόμαος
1124 677 1340 730 Τήμενος

285 735 590 779 ΟΡΕΣΤΗΣ
1124 734 1463 777 ΤΡΩΙΑΛΕΣ

224 801 266 836 55
283 785 580 845 Παλαμήδης
1114 785 1354 844 εΤψιπεύλη

282 848 546 901 Πειρίθους
1064 854 1105 888 '15
1122 843 1326 887 Φαέθων

283 898 517 950 Πελιάδες
1119 897 1412 956 Φιλοκτήτης

281 953 469 1012 Πηλεύς
1120 956 1286 1007 Φοῖνιξ

282 1009 586 1068 Πλεισθένης
1120 1013 1470 1055 ΦΟΙΝΙΣΣΑΙ

224 1079 265 1114 00
282 1064 522 1116 Πολύιδος
1121 1068 1291 1119 Φρῑξος
1321 1065 1545 1121 πρότερος

281 1126 610 1178 Πρωτεσίλαος
1062 1132 1104 1168 80
1120 1123 1290 1176 Φρίξος
1323 1120 1545 1177 δεύτερος

273 1176 616 1232 Ῥαδάμανθυς
1118 1177 1394 1232 Χρύσιππος

282 1237 507 1280 ΡΗΣΟΣ

330 1289 636 1344 Exclusirnus
673 1292 732 1343 ab
770 1292 864 1343 hoc
901 1292 1062 1344 indice
1102 1295 1358 1355 Γλαῦκον,
1397 1291 1684 1358 Κερκυόνα,
1724 1295 1858 1344 Πεν-

224 1362 336 1427 θέα,
366 1362 682 1427 Πολύδωρον,
706 1364 958 1429 Φαίδρανε
1000 1379 1122 1428 quae
1161 1364 1353 1413 fabulae
1391 1379 1417 1412 a
1444 1363 1659 1427 Polyido,
1689 1366 1857 1429 Alopa‚

225 1434 446 1489 Bacchis,
486 1433 699 1490 Hecuba,
739 1433 1000 1498 Hippolyto
1039 1448 1137 1481 non
1165 1434 1396 1482 differunt
1432 1436 1529 1483 nisi
1568 1432 1722 1483 titulo.
1772 1451 1858 1483 ne-

226 1519 321 1567 que
361 1518 505 1553 ausus
545 1519 649 1552 sum
690 1504 947 1553 admittere
976 1502 1191 1567 Νιόβην,
1232 1519 1375 1567 quam
1415 1503 1625 1552 obscuro
1663 1511 1711 1552 et
1748 1519 1857 1553 cor-

224 1581 367 1637 rupto
405 1573 510 1622 loco
551 1573 824 1623 Aristotelis
852 1573 986 1623 Poet.
1027 1588 1067 1622 c.
1100 1576 1161 1622 18
1201 1589 1246 1637 p.
1279 1575 1411 1621 1456
1446 1588 1471 1620 a
1512 1577 1574 1622 17
1616 1570 1675 1636 (v.
1711 1573 1857 1637 Trag.

226 1645 394 1693 Graec.
454 1643 626 1705 fragm.
674 1658 719 1706 p.
763 1645 853 1703 38)
905 1644 1104 1691 minime
1161 1642 1419 1691 stabilitam
1474 1641 1717 1699 arbitror,
1775 1650 1860 1694 aut

225 1711 459 1774 Μυσούς,
501 1727 593 1774 qua
631 1712 690 1761 de
729 1712 892 1762 fabula
930 1712 1113 1761 dictum
1154 1715 1204 1761 in
1243 1712 1412 1775 Eurip.
1441 1713 1533 1761 vol.
1562 1712 1626 1761 III
1661 1728 1708 1777 p.
1741 1715 1856 1762 146.

224 1786 342 1832 item
381 1782 497 1832 aiios
546 1783 687 1830 omisi
734 1782 902 1832 titulos
941 1783 1334 1837 commenticios,
1377 1796 1498 1846 quos
1545 1780 1858 1833 librariorum

225 1852 478 1902 erroribus
519 1851 591 1900 vel
629 1867 715 1901 sua
755 1850 1063 1915 neglegentia
1090 1851 1283 1915 decepti
1321 1850 1437 1899 olim
1464 1851 1688 1900 homines
1726 1852 1859 1902 docti

224 1923 483 1972 finxerant.
542 1923 689 1970 etiarn
710 1921 926 1971 Lamiam
966 1928 1012 1970 et
1037 1921 1305 1969 Temenum
1344 1928 1456 1969 sunt
1493 1923 1578 1984 qui
1614 1922 1662 1968 in
1701 1924 1858 1985 suspi-

226 1996 418 2042 cionem
481 1999 654 2040 vocent
709 1998 909 2041 auctore
969 1990 1194 2040 Elmsleio
1250 1992 1300 2039 in
1356 1990 1470 2038 Eur.
1510 1989 1636 2039 Med.
1685 2006 1733 2055 p.
1775 1995 1857 2040 71.

224 2062 386 2125 Epeus
424 2076 521 2110 uno
561 2063 733 2110 nititur
769 2063 1076 2116 testimoni0‚
1119 2061 1332 2123 catalogo
1374 2060 1749 2123 Euripidearum
1787 2062 1858 2109 fa·

224 2132 450 2180 bolarum
475 2145 647 2179 manco
674 2132 754 2179 illo
783 2131 978 2195 quidem
1006 2145 1163 2195 neque
1198 2145 1425 2179 errorum
1463 2131 1683 2186 immuni,
1713 2145 1859 2193 quem

224 2202 430 2266 praebet
470 2215 682 2249 marmor
720 2200 962 2249 Albanum
1005 2200 1070 2263 (C.
1109 2200 1144 2248 1.
1186 2197 1357 2263 6047).
1417 2199 1704 2263 Πειρίθους,
1738 2197 1857 2248 Τέν-

225 2290 340 2333 νης,
374 2267 722 2333 Ῥαδάμανθυς
773 2278 938 2320 utrum
975 2269 1222 2334 Euripidis
1261 2284 1320 2317 an
1360 2268 1565 2317 aliorum
1604 2277 1859 2332 poetarum

227 2347 405 2394 essent,
447 2344 544 2389 iam
582 2347 771 2388 veteres
811 2342 967 2389 critici
1004 2339 1305 2388 dubitarunt.
1365 2340 1415 2387 in
1456 2346 1710 2402 suspectae
1748 2339 1861 2388 fidei

226 2409 402 2458 sabulis
453 2412 595 2458 etiam
633 2410 824 2459 Rhesus
870 2418 1120 2472 superstes
1157 2408 1391 2462 habetur,
1443 2405 1495 2456 ἐν
1541 2405 1706 2470 μέντοι
1754 2412 1861 2466 ταῖς

227 2479 561 2537 διδασκαλίαις
601 2475 666 2537 ὡς
704 2478 910 2544 γνήσιον
947 2477 999 2528 τὸ
1038 2479 1199 2543 δρᾶμα
1245 2474 1605 2542 ἀναγέγραπται
1644 2478 1858 2541 (Argum.

226 2548 409 2611 Rhes.).
487 2550 693 2612 satyrica
733 2549 951 2598 dramata
991 2556 1101 2598 octo
1139 2547 1201 2597 ab
1246 2547 1494 2596 veteribus
1532 2548 1861 2608 grammaticis

226 2626 572 2673 numerantur,
624 2618 931 2681 eundemque
981 2633 1238 2667 numerum
1276 2632 1364 2665 nos
1414 2619 1746 2681 assequimur:
1786 2616 1861 2665 fu-

229 2695 372 2736 erunt
418 2689 549 2736 enim
599 2689 801 2752 satyrica
852 2684 1167 2751 Αὐτόλυκος,
1224 2685 1482 2750 Βούσιρις,
1539 2682 1862 2751 Εὐρυσθεύς,

232 2757 472 2819 Θερισταί,
512 2755 755 2820 Κύκλωψ,
793 2757 1036 2819 Σίσυφος,
1074 2756 1322 2821 Σκείρων,
1360 2750 1568 2814 Συλεύς.
1642 2755 1727 2804 sed
1770 2756 1861 2804 Θε-

227 2834 407 2887 ριστῶν
452 2826 665 2876 fabulam
712 2829 807 2874 iam
860 2835 969 2876 ante
1009 2826 1344 2891 Aristophanis
1391 2826 1609 2891 Byzantii
1655 2832 1865 2875 aetatem

228 2897 471 2960 perditam
519 2898 648 2946 inter
686 2903 796 2946 octo
833 2895 940 2946 ilias
987 2897 1417 2960 grammaticorum
1462 2895 1653 2945 fabulas
1691 2897 1864 2962 satyri·
