2022 3126
260 92 362 144 326

268 666 393 717 ME.

662 92 1002 139 ΗΡΑΚΛΗΣ
1029 93 1536 141 ΜΑΙΝΟΜΕΝΟΣ

449 241 630 306 φίλων
655 234 716 290 δὲ
737 233 866 299 τοὺς
890 236 991 305 μὲν
1019 229 1085 289 οὗ
1112 246 1307 305 σαφεῖς
1337 231 1449 305 ὁρῶ
1477 241 1693 307 φίλους,

450 325 508 377 οἱ
527 318 580 376 δ’
610 317 765 385 ὄντες
788 316 974 389 ὀρθῶς
998 316 1264 375 ἀδύνατοι
1287 327 1688 391 προσωφελεῖν.

447 411 704 461 τοιοῦτον
729 401 1113 477 ἀνθρώποισιν
1135 401 1168 476 ἡ
1194 407 1520 476 δυσπραξία,

451 477 515 561 ἧς
546 486 756 561 μήποθ’
785 485 931 554 ὅστις
954 490 1046 544 καὶ
1068 491 1244 560 μέσως
1271 485 1470 554 εύνους
1494 492 1615 561 ἐμοι

451 576 622 646 τύχοι,
651 579 832 645 φίλων
857 580 1080 645 ἔλεγχον
1104 570 1530 640 ἀψευδέστατον.

455 685 496 716 ω
522 661 755 731 πρέσβυ,
788 665 1017 730 Ταφίων
1046 682 1104 724 ος
1128 655 1238 714 ποτ’
1268 660 1466 725 ἐξεῖλες
1489 659 1653 715 πόλιν

454 745 893 817 στρατηλατήσας
918 742 1109 799 κλεινα
1131 748 1429 815 Καδμείων
1453 744 1632 815 δορός,

457 828 529 895 ὡς
554 827 723 886 οὐδὲν
746 827 1093 899 ἀνθρώποισι
1116 834 1229 884 τῶν
1252 834 1429 884 θείων
1459 831 1645 900 σαφές.

456 914 561 987 ἐγω
587 914 693 987 γὰρ
719 911 829 970 οὔτ’
860 921 934 980 εἰς
957 910 1137 984 πατέρ’
1166 910 1464 985 ἀπηλάθην
1492 914 1675 1020 τύχης,

455 997 514 1065 ὸς
549 998 712 1057 εἵνεκ’
749 997 920 1071 ὄλβου
945 1021 1114 1070 μεγας
1139 999 1464 1071 ἐκομπάσθη
1490 1001 1637 1071 ποτέ,

462 1092 602 1156 ἔχων
625 1082 918 1156 τυραννίδ
927 1128 939 1154 ,
965 1085 1029 1155 ἡς
1052 1085 1257 1155 μακραι
1281 1084 1472 1154 λόγχαι
1497 1086 1623 1156 πέρι

457 1167 670 1242 πηδωσ’
700 1175 862 1241 ἔρωτι
886 1166 1082 1240 σώματ’
1113 1174 1189 1233 εἰς
1216 1165 1537 1240 εὐδαίμονα,

458 1261 598 1326 ἔχων
623 1254 683 1310 δὲ
707 1256 894 1310 τέκνα·
922 1250 1040 1325 κάμ’
1071 1258 1246 1309 ε”δωκε
1269 1256 1426 1309 παιδὶ
1451 1260 1529 1328 σῷ

459 1344 726 1411 ἐπίσημον
752 1336 924 1409 εὐνὴν
943 1336 1204 1409 “Ηρακλεῖ
1223 1345 1557 1404 συνοικίσας.

458 1427 550 1481 καὶ
577 1429 685 1480 νῦν
713 1427 895 1480 ἐκεῖνα
920 1425 1021 1495 μὲν
1043 1420 1266 1479 θανόντ’
1297 1420 1566 1479 ἀνέπτατο
1583 1442 1593 1452 ·

460 1509 566 1583 ἐγώ
593 1510 653 1565 δὲ
681 1511 774 1565 καὶ
798 1508 869 1565 σὺ
898 1511 1168 1581 μέλλομεν
1191 1508 1478 1580 θνήσκειν,
1511 1510 1690 1580 γέρον,

463 1600 520 1651 οἴ
538 1592 597 1650 θ’
624 1592 936 1666 “Ηράκλειοι
959 1598 1168 1664 παῖδες,
1195 1590 1292 1659 οὓς
1317 1591 1427 1650 ὑπὸ
1453 1605 1672 1666 πτεροῖς

463 1681 614 1748 σώζω
639 1678 904 1744 νεοσσοὺς
928 1676 1083 1750 όρνις
1107 1702 1180 1744 ως
1205 1676 1561 1750 ὑφειμένους.

462 1773 513 1822 οἳ
542 1763 595 1821 δ’
627 1770 702 1831 εἰς
730 1771 954 1836 ε’λεγχον
977 1762 1139 1829 άλλος
1165 1761 1408 1820 άλλοθεν
1431 1771 1660 1834 πίτνων,

465 1852 506 1906 ὠ
533 1856 719 1922 μῆτερ,
748 1848 911 1924 αυδᾷ,
937 1862 1034 1906 ποῖ
1059 1848 1236 1921 πατὴρ
1262 1846 1453 1905 άπεστι
1476 1855 1605 1920 γῆς;

464 1942 520 1991 τί
541 1940 674 2009 δρᾷ,
703 1932 839 1991 πόθ’
866 1932 1012 2006 ἥξεις
1039 1956 1112 1989 τω
1139 1936 1248 1989 νέω
1274 1931 1326 1989 δ’
1356 1936 1688 2005 ἐσφαλμένοι

467 2025 688 2091 ζητοῦσι
710 2019 808 2076 τὸν
837 2016 1039 2076 τεκόντ’
1059 2037 1069 2047 ·
1097 2017 1202 2090 ἐγώ
1230 2018 1291 2074 δὲ
1315 2021 1563 2089 διαφέρω

472 2105 681 2176 λόγοισι
704 2104 1050 2176 μυθεύουσα.
1102 2103 1404 2174 θαυμάζων
1429 2100 1481 2159 δ’
1511 2100 1642 2160 ὅταν

468 2191 639 2246 πύλαι
661 2196 902 2261 ψοφωσι,
929 2195 1032 2255 πᾶς
1054 2185 1341 2259 ἀνίστησιν
1369 2187 1530 2257 πόδα,

474 2299 583 2340 ως
569 2274 706 2347 πρὸς
731 2297 988 2349 πατρωον
1013 2274 1484 2345 προσπεσούμενοι
1509 2273 1664 2345 γόνυ.

473 2366 583 2417 νῦν
605 2362 710 2416 οὐν
734 2357 830 2416 τίν’
860 2357 1037 2415 ἐλπίδ’
1066 2354 1101 2429 ἢ
1128 2358 1301 2460 πόρον
1327 2364 1598 2431 σωτηρίας

475 2452 828 2518 ε’ξευμαρίζει,
857 2446 1099 2516 πρέσβυς
1124 2442 1260 2515 πρὸς
1283 2443 1345 2499 σε
1367 2442 1472 2515 γὰρ
1497 2445 1698 2515 βλέπω.

476 2528 548 2596 ὡς
574 2528 702 2586 οὔτε
727 2536 886 2602 γαίας
911 2527 1019 2600 ὅρι’
1050 2525 1118 2584 ἂν
1144 2531 1403 2600 ἐκβαῖμεν
1427 2529 1639 2602 λάθρᾳ·

477 2617 721 2686 φυλακαὶ
744 2614 849 2688 γὰρ
875 2612 1031 2686 ἡμων
1056 2620 1371 2685 κρείσσονες
1398 2610 1508 2669 κατ’
1539 2612 1788 2679 ἐξόδους·

478 2696 587 2756 ούτ’
615 2703 674 2755 ἐν
700 2706 946 2771 φίλοισιν
971 2702 1186 2764 ἐλπίδες
1194 2704 1482 2799 σωτηρίας

482 2783 556 2840 ἔτ’
589 2782 780 2840 εἰσὶν
752 2798 899 2856 ημιν.
947 2781 1117 2856 ἥντιν’
1146 2785 1251 2839 οὐν
1274 2782 1501 2854 γνώμην
1532 2788 1668 2853 ἔχεις

486 2866 589 2938 λέγ’
619 2874 694 2934 εἰς
718 2867 778 2925 τὸ
805 2869 1013 2940 κοινόν,
1038 2867 1111 2940 μὴ
1136 2877 1336 2924 θανεῖν
1363 2870 1581 2938 ε’τοιμον
1604 2866 1658 2937 ᾗ,

1875 1098 1928 1141 65

1873 1521 1927 1568 70

1881 1945 1933 1990 75
