<?xml version="1.0" encoding="UTF-8"?>
<!DOCTYPE html PUBLIC "-//W3C//DTD XHTML 1.0 Transitional//EN"
    "http://www.w3.org/TR/xhtml1/DTD/xhtml1-transitional.dtd">
<html xmlns="http://www.w3.org/1999/xhtml" xml:lang="en" lang="en">
 <head>
  <title>
</title>
<meta http-equiv="Content-Type" content="text/html;charset=utf-8" />
  <meta name='ocr-system' content='tesseract 3.04.00' />
  <meta name='ocr-capabilities' content='ocr_page ocr_carea ocr_par ocr_line ocrx_word'/>
</head>
<body>
  <div class='ocr_page' id='page_1' title='image "./euripidistragoe01euriuoft_0136.png"; bbox 0 0 2022 3126; ppageno 0'>
   <div class='ocr_carea' id='block_1_1' title="bbox 193 128 258 179">
    <p class='ocr_par' dir='ltr' id='par_1_1' title="bbox 193 128 258 179">
     <span class='ocr_line' id='line_1_1' title="bbox 193 128 258 179; baseline -0.015 0"><span class='ocrx_word' id='word_1_1' title='bbox 193 128 258 179; x_wconf 81' lang='lat'><em>36</em></span> 
     </span>
    </p>
   </div>
   <div class='ocr_carea' id='block_1_2' title="bbox 203 873 308 922">
    <p class='ocr_par' dir='ltr' id='par_1_2' title="bbox 203 873 308 922">
     <span class='ocr_line' id='line_1_2' title="bbox 203 873 308 922; baseline -0.01 0"><span class='ocrx_word' id='word_1_2' title='bbox 203 873 308 922; x_wconf 73' lang='lat' dir='ltr'><em>XO.</em></span> 
     </span>
    </p>
   </div>
   <div class='ocr_carea' id='block_1_3' title="bbox 844 131 1217 177">
    <p class='ocr_par' dir='ltr' id='par_1_3' title="bbox 844 131 1217 177">
     <span class='ocr_line' id='line_1_3' title="bbox 844 131 1217 177; baseline 0 -1"><span class='ocrx_word' id='word_1_3' title='bbox 844 131 1217 177; x_wconf 86' lang='grc' dir='ltr'><em>ΑΛΚΗΣΤΙΣ</em></span> 
     </span>
    </p>
   </div>
   <div class='ocr_carea' id='block_1_4' title="bbox 374 269 1871 2974">
    <p class='ocr_par' dir='ltr' id='par_1_4' title="bbox 374 269 1871 2974">
     <span class='ocr_line' id='line_1_4' title="bbox 387 269 1870 342; baseline 0.002 -16"><span class='ocrx_word' id='word_1_4' title='bbox 387 275 513 326; x_wconf 83' lang='grc' dir='ltr'><em>ἰδοῦ</em></span> <span class='ocrx_word' id='word_1_5' title='bbox 538 269 636 326; x_wconf 85' lang='grc' dir='ltr'><em>τὸν</em></span> <span class='ocrx_word' id='word_1_6' title='bbox 661 276 897 342; x_wconf 75' lang='grc' dir='ltr'><em>αἰσχρῶς</em></span> <span class='ocrx_word' id='word_1_7' title='bbox 920 269 1105 341; x_wconf 76' lang='grc' dir='ltr'><em>ζῶνθ’,</em></span> <span class='ocrx_word' id='word_1_8' title='bbox 1133 269 1193 336; x_wconf 77' lang='grc' dir='ltr'><em>ὃς</em></span> <span class='ocrx_word' id='word_1_9' title='bbox 1222 269 1326 327; x_wconf 82' lang='grc' dir='ltr'><em>οὐκ</em></span> <span class='ocrx_word' id='word_1_10' title='bbox 1352 277 1478 342; x_wconf 80' lang='grc' dir='ltr'><em>ἔτλη</em></span> <span class='ocrx_word' id='word_1_11' title='bbox 1503 280 1734 342; x_wconf 77' lang='grc' dir='ltr'><em>θανεῖν,</em></span> <span class='ocrx_word' id='word_1_12' title='bbox 1787 287 1870 329; x_wconf 80' lang='lat'><em>955</em></span> 
     </span>
     <span class='ocr_line' id='line_1_5' title="bbox 385 352 1365 430; baseline 0.001 -19"><span class='ocrx_word' id='word_1_13' title='bbox 385 353 497 412; x_wconf 74' lang='grc' dir='ltr'><em>ἀλλ’</em></span> <span class='ocrx_word' id='word_1_14' title='bbox 530 352 601 428; x_wconf 81' lang='grc' dir='ltr'><em>ἣν</em></span> <span class='ocrx_word' id='word_1_15' title='bbox 633 362 835 428; x_wconf 78' lang='grc' dir='ltr'><em>ἔγημεν</em></span> <span class='ocrx_word' id='word_1_16' title='bbox 858 354 1120 421; x_wconf 75' lang='grc' dir='ltr'><em>ἀντιδοὺς</em></span> <span class='ocrx_word' id='word_1_17' title='bbox 1154 354 1365 430; x_wconf 73' lang='grc' dir='ltr'><em>ἀψυχίᾳ</em></span> 
     </span>
     <span class='ocr_line' id='line_1_6' title="bbox 383 438 1603 513; baseline -0.002 -15"><span class='ocrx_word' id='word_1_18' title='bbox 383 443 668 513; x_wconf 81' lang='grc' dir='ltr'><em>πέφευγεν</em></span> <span class='ocrx_word' id='word_1_19' title='bbox 681 438 905 512; x_wconf 55' lang='grc' dir='ltr'><em>’Ἅιδην</em></span> <span class='ocrx_word' id='word_1_20' title='bbox 960 438 1048 496; x_wconf 79' lang='grc' dir='ltr'><em>εἶτ’</em></span> <span class='ocrx_word' id='word_1_21' title='bbox 1083 439 1225 512; x_wconf 77' lang='grc' dir='ltr'><em>ἀνὴρ</em></span> <span class='ocrx_word' id='word_1_22' title='bbox 1252 441 1395 497; x_wconf 83' lang='grc' dir='ltr'><em>εἶναι</em></span> <span class='ocrx_word' id='word_1_23' title='bbox 1421 446 1580 496; x_wconf 80' lang='grc' dir='ltr'><em>δοκεῖ</em></span> <span class='ocrx_word' id='word_1_24' title='bbox 1591 467 1603 507; x_wconf 86' lang='grc'>;</span> 
     </span>
     <span class='ocr_line' id='line_1_7' title="bbox 380 523 1633 598; baseline 0 -16"><span class='ocrx_word' id='word_1_25' title='bbox 380 539 576 598; x_wconf 78' lang='grc' dir='ltr'><em>στυγεῖ</em></span> <span class='ocrx_word' id='word_1_26' title='bbox 598 526 659 581; x_wconf 74' lang='grc' dir='ltr'><em>δὲ</em></span> <span class='ocrx_word' id='word_1_27' title='bbox 681 524 810 591; x_wconf 81' lang='grc' dir='ltr'><em>τοὺς</em></span> <span class='ocrx_word' id='word_1_28' title='bbox 833 525 1121 595; x_wconf 75' lang='grc' dir='ltr'><em>τεκόντας,</em></span> <span class='ocrx_word' id='word_1_29' title='bbox 1150 524 1316 592; x_wconf 81' lang='grc' dir='ltr'><em>αὐτὸς</em></span> <span class='ocrx_word' id='word_1_30' title='bbox 1343 523 1409 582; x_wconf 85' lang='grc' dir='ltr'><em>ού</em></span> <span class='ocrx_word' id='word_1_31' title='bbox 1446 528 1633 582; x_wconf 81' lang='grc' dir='ltr'><em>θέλων</em></span> 
     </span>
     <span class='ocr_line' id='line_1_8' title="bbox 381 609 1549 682; baseline 0 -16"><span class='ocrx_word' id='word_1_32' title='bbox 381 620 600 667; x_wconf 81' lang='grc' dir='ltr'><em>θανεῖν.</em></span> <span class='ocrx_word' id='word_1_33' title='bbox 649 610 872 666; x_wconf 81' lang='grc' dir='ltr'><em>τοιάνδε</em></span> <span class='ocrx_word' id='word_1_34' title='bbox 896 609 1035 680; x_wconf 87' lang='grc' dir='ltr'><em>πρὸς</em></span> <span class='ocrx_word' id='word_1_35' title='bbox 1060 624 1280 667; x_wconf 83' lang='grc' dir='ltr'><em>κακοῖσι</em></span> <span class='ocrx_word' id='word_1_36' title='bbox 1305 612 1549 682; x_wconf 78' lang='grc' dir='ltr'><em>κληδόνα</em></span> 
     </span>
     <span class='ocr_line' id='line_1_9' title="bbox 384 696 1871 767; baseline 0.003 -16"><span class='ocrx_word' id='word_1_37' title='bbox 384 699 500 762; x_wconf 76' lang='grc' dir='ltr'><em>ἔξω.</em></span> <span class='ocrx_word' id='word_1_38' title='bbox 551 703 609 751; x_wconf 90' lang='grc' dir='ltr'><em>τί</em></span> <span class='ocrx_word' id='word_1_39' title='bbox 627 719 720 766; x_wconf 88' lang='grc' dir='ltr'><em>μοι</em></span> <span class='ocrx_word' id='word_1_40' title='bbox 744 702 840 766; x_wconf 83' lang='grc' dir='ltr'><em>ζῆν</em></span> <span class='ocrx_word' id='word_1_41' title='bbox 868 700 1005 766; x_wconf 84' lang='grc' dir='ltr'><em>δῆτα</em></span> <span class='ocrx_word' id='word_1_42' title='bbox 1030 696 1259 765; x_wconf 82' lang='grc' dir='ltr'><em>κύδιον,</em></span> <span class='ocrx_word' id='word_1_43' title='bbox 1288 703 1462 767; x_wconf 83' lang='grc' dir='ltr'><em>φίλοι,</em></span> <span class='ocrx_word' id='word_1_44' title='bbox 1786 712 1871 756; x_wconf 89' lang='grc'><em>960</em></span> 
     </span>
     <span class='ocr_line' id='line_1_10' title="bbox 381 781 1509 854; baseline 0.002 -18"><span class='ocrx_word' id='word_1_45' title='bbox 381 786 565 846; x_wconf 73' lang='grc' dir='ltr'><em>κακῶς</em></span> <span class='ocrx_word' id='word_1_46' title='bbox 590 781 817 836; x_wconf 74' lang='grc' dir='ltr'><em>κλύοντι</em></span> <span class='ocrx_word' id='word_1_47' title='bbox 843 782 935 835; x_wconf 82' lang='grc' dir='ltr'><em>καὶ</em></span> <span class='ocrx_word' id='word_1_48' title='bbox 963 787 1146 845; x_wconf 78' lang='grc' dir='ltr'><em>κακῶς</em></span> <span class='ocrx_word' id='word_1_49' title='bbox 1174 782 1509 854; x_wconf 84' lang='grc' dir='ltr'><em>πεπραγότι;</em></span> 
     </span>
     <span class='ocr_line' id='line_1_11' title="bbox 379 864 1783 938; baseline 0 -16"><span class='ocrx_word' id='word_1_50' title='bbox 379 865 485 938; x_wconf 76' lang='grc' dir='ltr'><em>ἐγώ</em></span> <span class='ocrx_word' id='word_1_51' title='bbox 511 868 604 922; x_wconf 82' lang='grc' dir='ltr'><em>καὶ</em></span> <span class='ocrx_word' id='word_1_52' title='bbox 633 864 724 922; x_wconf 80' lang='grc' dir='ltr'><em>διὰ</em></span> <span class='ocrx_word' id='word_1_53' title='bbox 749 866 958 937; x_wconf 79' lang='grc' dir='ltr'><em>μούσας</em></span> <span class='ocrx_word' id='word_1_54' title='bbox 1669 885 1783 938; x_wconf 88' lang='grc' dir='ltr'><em>στρ,</em></span> 
     </span>
     <span class='ocr_line' id='line_1_12' title="bbox 381 943 1076 1024; baseline -0.001 -17"><span class='ocrx_word' id='word_1_55' title='bbox 381 953 474 1007; x_wconf 77' lang='grc' dir='ltr'><em>καὶ</em></span> <span class='ocrx_word' id='word_1_56' title='bbox 499 951 789 1023; x_wconf 80' lang='grc' dir='ltr'><em>μετάρσιος</em></span> <span class='ocrx_word' id='word_1_57' title='bbox 817 943 944 1024; x_wconf 75' lang='grc' dir='ltr'><em>ᾖξα,</em></span> <span class='ocrx_word' id='word_1_58' title='bbox 983 953 1076 1007; x_wconf 81' lang='grc' dir='ltr'><em>καὶ</em></span> 
     </span>
     <span class='ocr_line' id='line_1_13' title="bbox 382 1034 1176 1108; baseline -0.003 -15"><span class='ocrx_word' id='word_1_59' title='bbox 382 1044 658 1093; x_wconf 74' lang='grc' dir='ltr'><em>πλείστων</em></span> <span class='ocrx_word' id='word_1_60' title='bbox 684 1034 964 1108; x_wconf 80' lang='grc' dir='ltr'><em>ἁψάμενος</em></span> <span class='ocrx_word' id='word_1_61' title='bbox 990 1036 1176 1107; x_wconf 85' lang='grc' dir='ltr'><em>λόγων</em></span> 
     </span>
     <span class='ocr_line' id='line_1_14' title="bbox 384 1119 1870 1192; baseline 0.001 -14"><span class='ocrx_word' id='word_1_62' title='bbox 384 1136 645 1190; x_wconf 82' lang='grc' dir='ltr'><em>κρεῖσσον</em></span> <span class='ocrx_word' id='word_1_63' title='bbox 675 1119 780 1178; x_wconf 80' lang='grc' dir='ltr'><em>οὐδ</em></span> <span class='ocrx_word' id='word_1_64' title='bbox 784 1122 843 1178; x_wconf 76' lang='grc' dir='ltr'><em>ὲν</em></span> <span class='ocrx_word' id='word_1_65' title='bbox 861 1119 1128 1192; x_wconf 78' lang='grc' dir='ltr'><em>Ἀνάγκας</em></span> <span class='ocrx_word' id='word_1_66' title='bbox 1786 1137 1870 1181; x_wconf 85' lang='grc'><em>965</em></span> 
     </span>
     <span class='ocr_line' id='line_1_15' title="bbox 381 1199 1141 1281; baseline 0 -19"><span class='ocrx_word' id='word_1_67' title='bbox 381 1199 582 1281; x_wconf 74' lang='grc' dir='ltr'><em>ηὗρον,</em></span> <span class='ocrx_word' id='word_1_68' title='bbox 610 1205 748 1263; x_wconf 80' lang='grc' dir='ltr'><em>οὐδέ</em></span> <span class='ocrx_word' id='word_1_69' title='bbox 770 1232 820 1262; x_wconf 91' lang='grc' dir='ltr'><em>τι</em></span> <span class='ocrx_word' id='word_1_70' title='bbox 847 1207 1141 1279; x_wconf 61' lang='grc' dir='ltr'><em>φάρμακον</em></span> 
     </span>
     <span class='ocr_line' id='line_1_16' title="bbox 385 1293 1150 1365; baseline -0.003 -17"><span class='ocrx_word' id='word_1_71' title='bbox 385 1293 663 1365; x_wconf 78' lang='grc' dir='ltr'><em>Θρῄσσαις</em></span> <span class='ocrx_word' id='word_1_72' title='bbox 693 1297 752 1348; x_wconf 84' lang='grc' dir='ltr'><em>ἐν</em></span> <span class='ocrx_word' id='word_1_73' title='bbox 778 1299 1027 1361; x_wconf 87' lang='grc' dir='ltr'><em>σανίσιν,</em></span> <span class='ocrx_word' id='word_1_74' title='bbox 1055 1293 1150 1358; x_wconf 81' lang='grc' dir='ltr'><em>τὰς</em></span> 
     </span>
     <span class='ocr_line' id='line_1_17' title="bbox 374 1375 985 1450; baseline 0.003 -18"><span class='ocrx_word' id='word_1_75' title='bbox 374 1375 606 1450; x_wconf 83' lang='grc' dir='ltr'><em>Ὀρφεία</em></span> <span class='ocrx_word' id='word_1_76' title='bbox 637 1380 985 1450; x_wconf 78' lang='grc' dir='ltr'><em>κατέγραψεν</em></span> 
     </span>
     <span class='ocr_line' id='line_1_18' title="bbox 382 1460 1209 1535; baseline 0 -16"><span class='ocrx_word' id='word_1_77' title='bbox 382 1469 586 1535; x_wconf 75' lang='grc' dir='ltr'><em>γῆρυς,</em></span> <span class='ocrx_word' id='word_1_78' title='bbox 615 1460 737 1519; x_wconf 78' lang='grc' dir='ltr'><em>οὐδ’</em></span> <span class='ocrx_word' id='word_1_79' title='bbox 770 1461 872 1520; x_wconf 82' lang='grc' dir='ltr'><em>ὅσα</em></span> <span class='ocrx_word' id='word_1_80' title='bbox 897 1469 1102 1534; x_wconf 80' lang='grc' dir='ltr'><em>Φοῖβος</em></span> <span class='ocrx_word' id='word_1_81' title='bbox 1120 1460 1209 1519; x_wconf 73' lang='grc' dir='ltr'><em>Ἀ-</em></span> 
     </span>
     <span class='ocr_line' id='line_1_19' title="bbox 382 1549 1871 1622; baseline 0 -18"><span class='ocrx_word' id='word_1_82' title='bbox 382 1549 749 1622; x_wconf 75' lang='grc' dir='ltr'><em>σκληπιάδαις</em></span> <span class='ocrx_word' id='word_1_83' title='bbox 775 1555 949 1605; x_wconf 79' lang='grc' dir='ltr'><em>ἔδωκε</em></span> <span class='ocrx_word' id='word_1_84' title='bbox 1787 1562 1871 1606; x_wconf 85' lang='grc'><em>970</em></span> 
     </span>
     <span class='ocr_line' id='line_1_20' title="bbox 383 1635 1014 1707; baseline 0.002 -17"><span class='ocrx_word' id='word_1_85' title='bbox 383 1635 647 1707; x_wconf 76' lang='grc' dir='ltr'><em>φάρμακα</em></span> <span class='ocrx_word' id='word_1_86' title='bbox 674 1635 1014 1700; x_wconf 78' lang='grc' dir='ltr'><em>πολυπόνοις</em></span> 
     </span>
     <span class='ocr_line' id='line_1_21' title="bbox 381 1716 1016 1792; baseline 0 -18"><span class='ocrx_word' id='word_1_87' title='bbox 381 1716 689 1792; x_wconf 76' lang='grc' dir='ltr'><em>ἆντιτεμών</em></span> <span class='ocrx_word' id='word_1_88' title='bbox 713 1728 1016 1792; x_wconf 79' lang='grc' dir='ltr'><em>βροτοῖσιν.</em></span> 
     </span>
     <span class='ocr_line' id='line_1_22' title="bbox 379 1803 1783 1878; baseline 0 -17"><span class='ocrx_word' id='word_1_89' title='bbox 379 1806 551 1876; x_wconf 86' lang='grc' dir='ltr'><em>μόνας</em></span> <span class='ocrx_word' id='word_1_90' title='bbox 577 1805 627 1862; x_wconf 78' lang='grc' dir='ltr'><em>δ’</em></span> <span class='ocrx_word' id='word_1_91' title='bbox 668 1803 776 1862; x_wconf 72' lang='grc' dir='ltr'><em>οὔτ’</em></span> <span class='ocrx_word' id='word_1_92' title='bbox 807 1808 896 1862; x_wconf 83' lang='grc' dir='ltr'><em>ἐπὶ</em></span> <span class='ocrx_word' id='word_1_93' title='bbox 922 1803 1146 1878; x_wconf 75' lang='grc' dir='ltr'><em>βωμοὺς</em></span> <span class='ocrx_word' id='word_1_94' title='bbox 1667 1804 1783 1863; x_wconf 65' lang='grc' dir='ltr'><em>ἀντ.</em></span> 
     </span>
     <span class='ocr_line' id='line_1_23' title="bbox 383 1889 1077 1963; baseline -0.001 -17"><span class='ocrx_word' id='word_1_95' title='bbox 383 1897 534 1946; x_wconf 77' lang='grc' dir='ltr'><em>ἔστιν</em></span> <span class='ocrx_word' id='word_1_96' title='bbox 560 1889 689 1947; x_wconf 75' lang='grc' dir='ltr'><em>οὔτε</em></span> <span class='ocrx_word' id='word_1_97' title='bbox 717 1894 914 1963; x_wconf 81' lang='grc' dir='ltr'><em>βρέτας</em></span> <span class='ocrx_word' id='word_1_98' title='bbox 939 1897 1077 1955; x_wconf 81' lang='grc' dir='ltr'><em>θεᾶς</em></span> 
     </span>
     <span class='ocr_line' id='line_1_24' title="bbox 382 1974 1867 2048; baseline 0.003 -18"><span class='ocrx_word' id='word_1_99' title='bbox 382 1979 600 2048; x_wconf 77' lang='grc' dir='ltr'><em>ἐλθεῖν,</em></span> <span class='ocrx_word' id='word_1_100' title='bbox 628 1974 696 2033; x_wconf 78' lang='grc' dir='ltr'><em>οὐ</em></span> <span class='ocrx_word' id='word_1_101' title='bbox 723 1984 981 2048; x_wconf 76' lang='grc' dir='ltr'><em>σφαγίων</em></span> <span class='ocrx_word' id='word_1_102' title='bbox 1004 1976 1180 2031; x_wconf 85' lang='grc' dir='ltr'><em>κλύει.</em></span> <span class='ocrx_word' id='word_1_103' title='bbox 1783 1990 1867 2034; x_wconf 80' lang='lat'><em>975</em></span> 
     </span>
     <span class='ocr_line' id='line_1_25' title="bbox 381 2060 1088 2134; baseline -0.003 -16"><span class='ocrx_word' id='word_1_104' title='bbox 381 2062 454 2133; x_wconf 87' lang='grc' dir='ltr'><em>μή</em></span> <span class='ocrx_word' id='word_1_105' title='bbox 480 2086 600 2134; x_wconf 88' lang='grc' dir='ltr'><em>μοι,</em></span> <span class='ocrx_word' id='word_1_106' title='bbox 633 2060 860 2134; x_wconf 89' lang='grc' dir='ltr'><em>πότνια,</em></span> <span class='ocrx_word' id='word_1_107' title='bbox 888 2067 1088 2134; x_wconf 86' lang='grc' dir='ltr'><em>μείζων</em></span> 
     </span>
     <span class='ocr_line' id='line_1_26' title="bbox 383 2144 1116 2222; baseline -0.001 -20"><span class='ocrx_word' id='word_1_108' title='bbox 383 2153 569 2213; x_wconf 82' lang='grc' dir='ltr'><em>ἔλθοις</em></span> <span class='ocrx_word' id='word_1_109' title='bbox 593 2144 628 2219; x_wconf 76' lang='grc' dir='ltr'><strong><em>ἦ</em></strong></span> <span class='ocrx_word' id='word_1_110' title='bbox 661 2147 720 2203; x_wconf 86' lang='grc' dir='ltr'><em>τὸ</em></span> <span class='ocrx_word' id='word_1_111' title='bbox 747 2150 884 2218; x_wconf 87' lang='grc' dir='ltr'><em>πρὶν</em></span> <span class='ocrx_word' id='word_1_112' title='bbox 909 2151 969 2204; x_wconf 82' lang='grc' dir='ltr'><em>ἐν</em></span> <span class='ocrx_word' id='word_1_113' title='bbox 995 2153 1116 2222; x_wconf 84' lang='grc' dir='ltr'><em>βίω.</em></span> 
     </span>
     <span class='ocr_line' id='line_1_27' title="bbox 378 2231 1135 2306; baseline 0 -18"><span class='ocrx_word' id='word_1_114' title='bbox 378 2234 471 2288; x_wconf 79' lang='grc' dir='ltr'><em>καὶ</em></span> <span class='ocrx_word' id='word_1_115' title='bbox 495 2232 599 2306; x_wconf 79' lang='grc' dir='ltr'><em>γὰρ</em></span> <span class='ocrx_word' id='word_1_116' title='bbox 625 2232 768 2299; x_wconf 78' lang='grc' dir='ltr'><em>Ζευς</em></span> <span class='ocrx_word' id='word_1_117' title='bbox 792 2231 823 2290; x_wconf 80' lang='grc' dir='ltr'>ὅ</span> <span class='ocrx_word' id='word_1_118' title='bbox 846 2258 897 2289; x_wconf 91' lang='grc' dir='ltr'><em>τι</em></span> <span class='ocrx_word' id='word_1_119' title='bbox 927 2233 1103 2305; x_wconf 84' lang='grc' dir='ltr'><em>νεύσῃ</em></span> <span class='ocrx_word' id='word_1_120' title='bbox 1121 2277 1135 2303; x_wconf 83' lang='lat'>‚</span> 
     </span>
     <span class='ocr_line' id='line_1_28' title="bbox 381 2316 1059 2392; baseline 0 -20"><span class='ocrx_word' id='word_1_121' title='bbox 381 2316 487 2372; x_wconf 75' lang='grc' dir='ltr'><em>σὺν</em></span> <span class='ocrx_word' id='word_1_122' title='bbox 514 2320 599 2374; x_wconf 84' lang='grc' dir='ltr'><em>σοὶ</em></span> <span class='ocrx_word' id='word_1_123' title='bbox 625 2325 788 2375; x_wconf 89' lang='grc' dir='ltr'><em>τοῦτο</em></span> <span class='ocrx_word' id='word_1_124' title='bbox 813 2325 1059 2392; x_wconf 77' lang='grc' dir='ltr'><em>τελευτᾷ.</em></span> 
     </span>
     <span class='ocr_line' id='line_1_29' title="bbox 381 2402 1866 2476; baseline 0.003 -19"><span class='ocrx_word' id='word_1_125' title='bbox 381 2405 472 2457; x_wconf 81' lang='grc' dir='ltr'><em>καὶ</em></span> <span class='ocrx_word' id='word_1_126' title='bbox 498 2402 595 2458; x_wconf 84' lang='grc' dir='ltr'><em>τὸν</em></span> <span class='ocrx_word' id='word_1_127' title='bbox 622 2408 681 2460; x_wconf 82' lang='grc' dir='ltr'><em>ἐν</em></span> <span class='ocrx_word' id='word_1_128' title='bbox 706 2405 986 2476; x_wconf 85' lang='grc' dir='ltr'><em>Χαλύβοις</em></span> <span class='ocrx_word' id='word_1_129' title='bbox 1012 2403 1188 2475; x_wconf 76' lang='grc' dir='ltr'><em>δαμά-</em></span> <span class='ocrx_word' id='word_1_130' title='bbox 1784 2419 1866 2462; x_wconf 80' lang='grc'><em>980</em></span> 
     </span>
     <span class='ocr_line' id='line_1_30' title="bbox 381 2488 985 2564; baseline 0.005 -21"><span class='ocrx_word' id='word_1_131' title='bbox 381 2495 487 2555; x_wconf 83' lang='grc' dir='ltr'><em>ζεις</em></span> <span class='ocrx_word' id='word_1_132' title='bbox 512 2488 582 2544; x_wconf 80' lang='grc' dir='ltr'><em>σὺ</em></span> <span class='ocrx_word' id='word_1_133' title='bbox 614 2496 709 2564; x_wconf 78' lang='grc' dir='ltr'><em>βία</em></span> <span class='ocrx_word' id='word_1_134' title='bbox 733 2496 985 2560; x_wconf 82' lang='grc' dir='ltr'><em>σίδαρον,</em></span> 
     </span>
     <span class='ocr_line' id='line_1_31' title="bbox 381 2570 928 2648; baseline 0.005 -20"><span class='ocrx_word' id='word_1_135' title='bbox 381 2570 517 2629; x_wconf 79' lang='grc' dir='ltr'><em>οὐδέ</em></span> <span class='ocrx_word' id='word_1_136' title='bbox 538 2598 618 2639; x_wconf 86' lang='grc' dir='ltr'><em>τις</em></span> <span class='ocrx_word' id='word_1_137' title='bbox 644 2572 928 2648; x_wconf 77' lang='grc' dir='ltr'><em>ἀποτόμου</em></span> 
     </span>
     <span class='ocr_line' id='line_1_32' title="bbox 381 2658 1014 2729; baseline 0.003 -16"><span class='ocrx_word' id='word_1_138' title='bbox 381 2658 618 2729; x_wconf 85' lang='grc' dir='ltr'><em>λήματός</em></span> <span class='ocrx_word' id='word_1_139' title='bbox 646 2663 796 2715; x_wconf 82' lang='grc' dir='ltr'><em>ἐστιν</em></span> <span class='ocrx_word' id='word_1_140' title='bbox 828 2661 1014 2725; x_wconf 77' lang='grc' dir='ltr'><em>αἰδώς.</em></span> 
     </span>
     <span class='ocr_line' id='line_1_33' title="bbox 383 2742 1779 2818; baseline 0.001 -20"><span class='ocrx_word' id='word_1_141' title='bbox 383 2745 475 2798; x_wconf 80' lang='grc' dir='ltr'><em>καὶ</em></span> <span class='ocrx_word' id='word_1_142' title='bbox 494 2742 545 2799; x_wconf 71' lang='grc' dir='ltr'><em>σ’</em></span> <span class='ocrx_word' id='word_1_143' title='bbox 563 2750 623 2800; x_wconf 86' lang='grc' dir='ltr'><em>ἐν</em></span> <span class='ocrx_word' id='word_1_144' title='bbox 641 2745 934 2816; x_wconf 75' lang='grc' dir='ltr'><em>ἀφύκτοισι</em></span> <span class='ocrx_word' id='word_1_145' title='bbox 958 2752 1135 2815; x_wconf 79' lang='grc' dir='ltr'><em>χερῶν</em></span> <span class='ocrx_word' id='word_1_146' title='bbox 1155 2744 1266 2801; x_wconf 81' lang='grc' dir='ltr'><em>εἷλε</em></span> <span class='ocrx_word' id='word_1_147' title='bbox 1278 2744 1387 2801; x_wconf 82' lang='grc' dir='ltr'><em>θεὰ</em></span> <span class='ocrx_word' id='word_1_148' title='bbox 1401 2749 1637 2818; x_wconf 82' lang='grc' dir='ltr'><em>δεσμοῖς.</em></span> <span class='ocrx_word' id='word_1_149' title='bbox 1666 2765 1779 2816; x_wconf 84' lang='grc' dir='ltr'><em>στρ.</em></span> 
     </span>
     <span class='ocr_line' id='line_1_34' title="bbox 723 2843 1335 2889; baseline 0 -2"><span class='ocrx_word' id='word_1_150' title='bbox 723 2845 807 2888; x_wconf 77' lang='lat'><em>962</em></span> <span class='ocrx_word' id='word_1_151' title='bbox 821 2866 880 2872; x_wconf 85' lang='lat'><strong>—</strong></span> <span class='ocrx_word' id='word_1_152' title='bbox 899 2843 1159 2889; x_wconf 78' lang='lat'>972=973</span> <span class='ocrx_word' id='word_1_153' title='bbox 1174 2862 1236 2868; x_wconf 79' lang='lat'><em>-</em></span> <span class='ocrx_word' id='word_1_154' title='bbox 1250 2843 1335 2887; x_wconf 78' lang='lat'><em>983</em></span> 
     </span>
     <span class='ocr_line' id='line_1_35' title="bbox 710 2928 1362 2974; baseline -0.003 -1"><span class='ocrx_word' id='word_1_155' title='bbox 710 2928 797 2974; x_wconf 76' lang='lat'><em>984</em></span> <span class='ocrx_word' id='word_1_156' title='bbox 812 2951 873 2957; x_wconf 87' lang='lat'><em>--</em></span> <span class='ocrx_word' id='word_1_157' title='bbox 889 2929 974 2973; x_wconf 68' lang='lat'><em>994</em></span> <span class='ocrx_word' id='word_1_158' title='bbox 989 2929 1155 2972; x_wconf 67' lang='lat'>:995</span> <span class='ocrx_word' id='word_1_159' title='bbox 1173 2951 1232 2957; x_wconf 91' lang='lat'><em>—-</em></span> <span class='ocrx_word' id='word_1_160' title='bbox 1253 2930 1362 2972; x_wconf 83' lang='lat'>1005</span> 
     </span>
    </p>
   </div>
  </div>
 </body>
</html>
