2022 3126
212 110 343 153 XXII
723 111 806 151 DE
837 111 1144 154 EVRIPIDIS
1174 111 1322 156 VITA

213 238 372 302 poetis
408 236 604 287 inventa
641 233 776 300 sitm)
817 251 878 285 an
915 237 1110 288 aliunde
1136 240 1375 301 originem
1414 238 1574 288 ducat.
1623 237 1845 303 sepultus

215 312 288 356 est
324 312 466 371 poeta
502 321 655 370 prope
679 307 970 356 Arethusam
1007 309 1057 357 in
1095 307 1312 358 convalle
1350 307 1539 357 duobus
1575 309 1692 357 rivis
1729 309 1843 357 irri-

213 450 412 500 returque
441 459 491 488 eo
520 458 604 486 rex
629 445 913 496 familiariter,
942 447 1112 486 rediens
1141 451 1265 486 noctu
1294 446 1346 486 ab
1377 448 1465 487 eius
1494 460 1598 487 cena
1628 447 1797 488 canibus
1818 460 1844 486 a

215 503 392 556 quodam
421 505 579 543 aemulo
609 502 797 542 immissis
827 502 1086 541 dilaceratus
1114 508 1193 553 est,
1226 507 1267 542 et
1297 514 1355 542 ea:
1383 502 1448 542 llis
1476 503 1714 543 vulneribus
1733 515 1845 544 mors

213 564 357 598 secuta
386 563 462 600 est.
520 556 732 597 Valerius
764 558 885 596 Max.
909 558 949 607 9,
982 559 1032 596 12
1065 561 1153 600 ext.
1185 558 1232 596 4:
1264 558 1449 597 atrocius
1478 559 1693 611 aliquanto
1714 558 1844 598 Euri·

215 615 336 666 pides
359 615 503 664 finitus
532 619 610 652 est.
650 612 701 652 ab
723 612 929 652 Archelai
956 613 1060 652 enim
1081 613 1193 665 reyis
1214 624 1319 652 cena
1347 614 1390 651 in
1410 612 1667 653 Macedonia
1687 615 1844 654 domum

215 671 458 721 hospitalem
477 673 675 720 repetens
695 681 840 707 canum
861 668 1062 708 morsibus
1082 670 1264 708 laniatus
1285 667 1398 708 obiit.
1441 667 1631 709 Ovidius
1651 668 1716 709 Ib.
1739 671 1841 710 595:

215 731 337 780 utque
369 725 655 764 cothurnatum
684 729 815 763 vatem
845 726 973 763 tutela
1003 724 1188 774 Dianae,
1221 725 1395 764 dilaniet
1425 725 1584 786 viyilum
1614 730 1653 765 te
1665 738 1845 791 quoque

216 781 338 821 turba
367 794 524 820 canum.
586 777 781 819 Sotades
814 791 885 831 ap.
919 779 1042 819 Stob.
1082 778 1208 820 Flor.
1241 781 1315 828 98,
1355 780 1401 819 9:
1449 774 1588 826 κύνες
1634 773 1682 820 οἷ
1722 776 1846 821 κατὰ

216 829 411 902 Θρᾴκην
451 827 723 897 Εὐριπίδην
762 830 976 902 ἕτρωγον.
1036 833 1156 875 idem
1195 833 1425 886 signifieat
1461 835 1596 877 Paus.
1628 838 1675 884 1,
1717 837 1765 886 2,
1797 837 1845 875 2.

214 889 455 933 τέθαπται
501 887 555 932 δὲ
603 883 872 956 Εὐριπίδης
918 884 967 931 ἒν
1011 888 1303 948 Μακεδονία
1348 884 1479 952 παρὰ
1521 884 1606 931 τὸν
1651 887 1846 953 βασιλέα

216 941 372 989 ἐλθών
398 939 671 1013 Ἀρχέλαον·
721 936 745 986 ὃ
778 942 833 986 δέ
865 940 914 986 οἷ
940 945 1022 986 τοῦ
1053 932 1289 987 θανοῖτου’
1307 939 1499 998 τρόπος,
1531 947 1726 994 πολλοῖς
1756 940 1847 999 γὰρ

216 999 341 1045 ἔστιν
381 999 661 1065 εἰρημένος,
692 993 835 1054 ε’χέτω
872 995 1007 1042 καθα
1047 997 1279 1065 λέγουσιν.
1351 1003 1459 1041 Vita
1496 1003 1604 1042 Eur.
1640 1015 1708 1043 vs.
1743 1005 1843 1042 119·

216 1056 283 1106 εἰς
315 1052 601 1105 Μακεδόνας
632 1049 785 1120 οἷπῆρε
804 1051 930 1122 πρὸς
957 1050 1200 1110 Ἀρχέλαον
1229 1053 1312 1098 τὸν
1343 1053 1559 1109 βασιλέα,
1592 1050 1845 1099 κάνταῦθα

216 1107 495 1166 ὀψιαίτερον
534 1106 754 1154 ἀναλύων
789 1106 882 1155 ὑπὸ
923 1111 1179 1177 βασιλικῶν
1217 1107 1410 1177 ἐφθάρη
1448 1112 1618 1157 κυνῶν.
1676 1113 1846 1177 Adesp.

215 1171 351 1212 Anth.
384 1170 481 1210 Pal.
512 1172 550 1221 7,
581 1170 657 1209 44:
691 1164 736 1209 εἰ
764 1166 846 1210 καὶ
877 1164 1144 1238 δακρυόεις,
1177 1162 1431 1232 Εὐριπίδη,
1465 1165 1560 1211 εἷλε
1590 1165 1640 1211 σὲ
1669 1164 1846 1222 πότμος

216 1225 296 1268 καὶ
338 1239 388 1268 σε
421 1227 755 1277 λυκορραῖσται
787 1223 985 1266 δειπνον
1023 1222 1193 1267 ἔθεντο
1224 1220 1362 1273 κύνες
1394 1218 1487 1270 κτὲ.
1548 1225 1663 1266 adde
1699 1225 1847 1266 locum

217 1285 475 1334 corruptum
513 1280 688 1333 Hygini
728 1281 821 1324 fab
853 1283 934 1322 247
973 1287 1015 1323 et
1044 1281 1440 1322 Hermesianaetis
1477 1294 1636 1322 versus
1666 1286 1760 1322 not.
1792 1283 1846 1322 28

216 1338 394 1379 allatos.
452 1338 599 1404 magis
631 1337 768 1376 etiam
797 1337 913 1377 mira
941 1345 1046 1377 sunt
1077 1349 1189 1406 q’uae
1217 1339 1265 1377 in
1297 1339 1391 1377 vita
1422 1338 1528 1380 Eur.
1562 1350 1631 1378 vs.
1662 1339 1779 1378 48-
1792 1338 1847 1378 60

216 1398 398 1444 extant,
443 1387 492 1434 ἐν
523 1407 578 1447 τῃ
610 1391 898 1433 Μακεδονία
929 1386 1060 1446 κώμη
1093 1391 1188 1436 ἔστι
1219 1388 1490 1446 καλουμένη
1523 1391 1722 1447 Θρᾳκῶν
1752 1386 1845 1437 κτὲ.

216 1450 270 1491 de
301 1450 402 1490 loco
432 1449 512 1489 ubi
541 1453 679 1502 poeta
710 1435 910 1488 laniatus
940 1449 1000 1488 sit
1031 1449 1244 1490 dissentit
1266 1449 1518 1511 Stephanus
1548 1450 1657 1501 Byz
1682 1450 1844 1514 p.176‚

216 1509 264 1547 1.
276 1501 755 1577 Βορμι’σκος,“χωρίον
770 1503 1098 1565 Μακεδονίας,
1125 1500 1173 1546 ἐν
1191 1494 1232 1568 ᾧ
1245 1496 1631 1571 κυνοσπάρακτος
1652 1500 1848 1558 γέγονεν

217 1554 519 1630 Εὐριπίδης·
533 1574 614 1608 ους
636 1572 785 1620 κυνας
807 1558 863 1613 τῇ
883 1574 1076 1624 πατρῳᾳ
1099 1559 1232 1623 φωνῇ
1256 1554 1495 1613 ἐστερικας
1513 1553 1771 1627 (ε’στερίκας
1789 1558 1847 1611 R)

217 1616 440 1659 καλοῦσιν
471 1612 519 1658 οἷ
537 1607 852 1680 Μακεδόνες,
890 1609 914 1657 ὁ
947 1613 1005 1680 δὲ,
1030 1611 1229 1682 ποιητὴς
1261 1615 1544 1669 τραπεζῆας·
1586 1609 1637 1657 ἐκ
1669 1613 1724 1658 δε
1755 1613 1846 1656 τῶν

218 1668 470 1729 δηγματων
522 1664 891 1726 ἆρρωστήσαντα
945 1666 1090 1713 αὐτὸν
1145 1665 1435 1714 αποθανείν.
1512 1671 1592 1712 alii
1635 1672 1849 1712 inimicos

217 1731 475 1780 nominant,
519 1730 595 1779 qui
627 1739 767 1767 canes
795 1728 1003 1779 Euripidi
1032 1728 1318 1768 immiserint.
1376 1728 1692 1791 Diogenianus
1722 1729 1761 1779 7,
1793 1729 1846 1769 52

217 1787 295 1838 (ef.
327 1785 451 1825 Suid.
483 1783 568 1824 vol.
595 1784 698 1835 11,2
722 1796 764 1834 p.
786 1785 881 1832 447,
905 1785 975 1834 9).
1006 1781 1255 1849 Προμέρου
1287 1778 1442 1830 κύνες.
1499 1777 1666 1823 τοῦτόν
1698 1795 1846 1835 φασιν

218 1838 408 1905 οἰκέτην
439 1834 556 1881 ὅντα
595 1815 839 1903 βασιλικὸν
861 1851 1062 1907 μισησαι
1094 1834 1214 1880 καθ’
1218 1833 1525 1909 ὑπερβολὴν
1545 1838 1636 1879 τῶν
1654 1853 1846 1908 ⁹tpocyge·

219 1896 335 1939 διῶν
353 1891 436 1937 τὸν
458 1889 651 1949 τοιητὴν
670 1884 938 1959 Εὖριπίδην
960 1895 1229 1948 επαφεῖναί
1244 1908 1292 1936 τε
1317 1909 1444 1949 αυτῳ
1467 1907 1615 1941 κυνας
1637 1888 1845 1961 ἀγρίους,

219 1951 265 1995 οἳ
295 1952 463 1994 τοῦτον
496 1945 921 2018 κατεθοινήσαντο.
974 1958 1132 1993 contra
1162 1951 1326 1992 Suidas
1357 1965 1401 1991 v.
1417 1937 1716 2015 Εὗριπίδηςε
1749 1946 1848 1991 ἐτε-

220 2003 388 2073 λεύτησ
394 2021 414 2049 ε
446 2003 499 2049 δε
529 2001 622 2049 ὑπὸ
647 2000 902 2068 ἐπιβουλῆς
927 1999 1191 2072 Ἀρριδαίου
1212 2004 1296 2048 τοῦ
1311 2002 1598 2053 Μακεδόνος
1619 2004 1700 2047 καὶ
1722 2008 1848 2073 Κρα-

220 2060 336 2107 τεύα
373 2063 455 2105 τοῦ
496 2058 735 2126 Θετταλοῦ
772 2061 980 2114 ποιητῶν
1015 2057 1165 2104 ὄντων
1203 2061 1287 2103 καὶ
1325 2055 1679 2116 φθονησαντων
1717 2058 1846 2116 αὐτῶ

221 2115 488 2163 πεισάντων
518 2131 568 2160 τε
600 2116 681 2159 τὸν
714 2116 943 2182 βασιλέως
975 2116 1163 2184 οἰκέτην
1192 2110 1401 2182 τούνομα
1417 2117 1699 2185 Λυσίμαχον
1731 2109 1850 2160 δέκα

220 2176 349 2246 μνῶν
382 2168 713 2238 αγορασθέντα
759 2188 869 2224 τους
913 2171 1139 2229 βασιλέως
1184 2165 1267 2223 οὓς
1313 2167 1456 2221 αὐτὸς
1494 2171 1662 2227 ἔτρεφε
1699 2168 1849 2222 κύνας

221 2228 480 2285 ἐπαφεῖναι
520 2224 664 2286 αύτῷ.
724 2243 781 2270 ne
821 2232 901 2272 isti
933 2232 1107 2283 quidem
1136 2232 1391 2271 narrationi
1420 2229 1553 2270 fidem
1592 2230 1849 2271 habendam

221 2290 452 2330 existimo.
485 2287 645 2328 videor
676 2287 795 2327 enim
826 2300 1075 2339 agnoscere
1100 2290 1310 2327 conatum
1333 2299 1486 2328 eorum
1508 2286 1585 2338 qui
1614 2287 1850 2327 historiam

221 2344 390 2397 fingere
415 2356 547 2395 quam
577 2353 830 2409 propagare
862 2343 1061 2384 fabulam
1084 2343 1340 2384 maluerint.
1394 2341 1524 2382 addit
1546 2342 1706 2382 Suidas
1729 2342 1848 2382 alias

222 2400 442 2442 fabellas:
478 2396 524 2440 οἳ
555 2393 609 2440 δε
643 2393 895 2451 ιστόρησαν
927 2392 1019 2462 ούχ
1043 2392 1134 2440 ὑπὸ
1168 2397 1323 2439 κυνῶν
1354 2391 1451 2439 ἄλλ’
1485 2392 1578 2439 ὑπὸ
1609 2397 1849 2461 γυναικῶν

222 2450 401 2524 νύκτωρ
441 2453 804 2522 διἀσπασθήναι
845 2449 1166 2524 πορευόμενον
1197 2447 1314 2518 αωρὶ
1344 2448 1460 2507 πρὸς
1491 2448 1733 2515 Κρατερὸν
1764 2448 1849 2495 τὸν

224 2505 458 2577 ἐρώμενον
484 2503 748 2579 Ἀρχελαου“
782 2507 862 2551 καὶ
895 2505 983 2572 γὰρ
1015 2513 1146 2564 σχεῖν
1169 2503 1314 2551 αὐτὸν
1334 2509 1416 2552 καὶ
1435 2508 1541 2562 περὶ
1562 2503 1671 2556 τοὺς
1692 2503 1850 2550 τοιού-

222 2581 332 2616 τους
365 2563 556 2618 ἔρωτας
588 2561 634 2606 οἳ
665 2561 718 2606 ὁε
748 2560 864 2618 πρὸς
886 2560 973 2619 τὴν
1004 2560 1215 2619 γαμετὴν
1236 2565 1503 2608 Νικοδίκου
1523 2563 1606 2607 τοῦ
1631 2557 1849 2616 Ἀρεθου-

223 2622 343 2665 σίου.
391 2626 626 2673 utramque
659 2621 825 2661 famam
857 2623 1043 2674 respicit
1073 2627 1209 2674 atque
1231 2627 1281 2662 ut
1301 2622 1483 2662 debitus
1513 2625 1675 2684 poetae
1706 2621 1851 2661 honor

224 2680 480 2721 vindicetur
516 2678 754 2743 impugnat
782 2677 995 2718 Addaeus
1025 2678 1159 2718 Anth
1192 2678 1293 2717 Pal.
1328 2679 1365 2728 7,
1399 2679 1471 2718 51:
1511 2689 1566 2718 ου
1606 2687 1656 2717 σε
1691 2675 1851 2718 κυνῶν

223 2731 362 2789 γένος
395 2728 491 2796 εἷλ’,
525 2729 787 2799 Εὐριπίδη,
823 2725 936 2773 ούδε
968 2727 1193 2801 γυναικὸς
1225 2728 1407 2784 οἶστρος
1437 2726 1518 2773 τὸν
1548 2731 1737 2785 σκοτίης
1766 2725 1850 2772 κύ·

222 2805 256 2832 π
260 2790 391 2845 ριδος
427 2781 690 2842 αλλότριον,
728 2782 830 2830 ἀλλ’
861 2779 1015 2841 ”Αιδης
1051 2786 1133 2829 καὶ
1170 2786 1333 2842 γῆρας.
1400 2787 1514 2827 nihil
1557 2789 1722 2841 probat
1760 2792 1851 2829 iste

224 2848 476 2896 dissensus,
509 2845 625 2885 nihil
657 2849 909 2886 ceterorum
940 2844 1140 2884 fabulae.

335 2902 409 2956 31)
440 2902 541 2942 Hoc
571 2900 796 2956 suspicari
825 2899 1007 2941 videtur
1034 2900 1250 2941 Lehrsius
1280 2901 1496 2952 Popula‘re
1531 2900 1652 2951 Aufs.
1682 2914 1724 2953 p.
1755 2901 1854 2942 208.
