2022 3126
258 76 359 126 356

269 816 376 865 XO.

646 75 988 121 ΗΡΑΚΛΗΣ
1019 74 1528 122 ΜΑΙΝΟΜΕΝΟΣ

447 214 601 287 ἡμεῖς
629 213 682 271 δ’
715 218 1147 286 ἐλευθεροῦντες
1177 218 1235 270 ἐκ
1267 219 1528 286 δρασμῶν
1552 215 1698 272 πόδα

451 300 557 356 σὺν
581 306 656 376 τῷ
681 303 899 373 γέροντι
925 299 1098 372 δεσμὰ
1121 306 1382 370 σειραίων
1407 300 1626 370 βρόχων

449 384 762 457 ἀνήπτομεν
787 384 924 456 πρὸς
947 383 1112 455 κίον’,
1139 382 1211 449 ὥς
1235 384 1397 455 λήξας
1424 381 1607 440 ὕπνου

448 470 623 541 μηδὲν
646 470 1080 542 προσεργάσαιτο
1104 483 1216 534 τοῖς
1240 471 1612 541 δεδραμένοις.

453 553 606 611 εὕδει
631 552 684 611 δ’
713 552 740 610 ὁ
767 555 987 626 τλήμων
1011 553 1193 610 ὕπνον
1217 551 1322 609 οὐκ
1348 551 1668 624 εὐδαίμονα,

451 645 649 705 παῖδας
674 639 950 710 φονεύσας
976 641 1069 696 καὶ
1095 636 1345 710 δάμαρτ’.
1373 638 1478 710 ἐγω
1504 639 1605 710 μὲν
1631 630 1735 694 οὖν

449 723 553 780 οὐκ
578 725 701 780 οἶδα
724 731 952 796 θνητῶν
976 722 1123 789 ὅστις
1150 722 1505 794 ἀθλιώτερος.

448 809 476 866 ὁ
503 810 675 881 φόνος
701 802 771 882 ἦν
795 807 860 865 ὃν
877 809 1125 881 Ἀργολὶς
1150 815 1258 880 ἔχει
1290 813 1462 880 πέτρα

457 897 577 951 τότε
602 895 703 966 μὲν
728 895 1158 966 περισαμότατος
1183 895 1275 949 καὶ
1299 892 1525 960 ἄπιστος

443 978 659 1036 Ἐλλάδι
686 986 797 1036 τῶν
821 987 1053 1036 Δαναοῦ
1080 984 1321 1035 παίδων·

456 1067 521 1121 τὰ
548 1063 598 1122 δ’
629 1063 965 1137 ὑπερέβαλε,
995 1067 1311 1137 παρέδραμε
1333 1062 1399 1119 τὰ
1423 1064 1542 1119 τότε
1567 1064 1724 1118 κακά.

452 1151 644 1206 τάλανι
670 1155 916 1222 διογενεῖ
935 1151 1082 1225 κόρῳ
1107 1151 1447 1221 μονοτέκνου
1474 1149 1730 1220 Πρόκνης

450 1235 628 1303 φόνον
662 1241 765 1305 ἔχω
796 1236 942 1301 λέξαι
968 1234 1249 1304 θυόμενον
1282 1231 1562 1297 1Μούσαις·

452 1318 521 1376 σὺ
549 1320 610 1376 δὲ
633 1321 799 1376 τέκνα
821 1326 1049 1391 τρίγονα
1074 1319 1393 1390 τεκόμενος,
1429 1311 1472 1373 οἶ
1498 1319 1636 1388 δάιε,

454 1405 687 1460 λυσσάδι
711 1405 1162 1476 συγκατειργάσω
1187 1414 1214 1445 *
1239 1410 1421 1477 μοίρᾳ.

453 1496 575 1546 τίνα
601 1489 910 1562 στεναγμὸν

459 1571 489 1646 ἢ
514 1575 648 1647 γόον
673 1571 706 1646 ἢ
733 1582 955 1646 φθιτῶν

456 1658 606 1735 ᾠδὰν
630 1657 665 1731 ἢ
690 1662 787 1717 τίν’
810 1658 971 1716 ’Ἅιδα
994 1658 1161 1733 χορὸν
1186 1657 1397 1730 άχήσως

456 1751 565 1816 φεῦ
595 1751 705 1816 φεῦ
721 1765 731 1773 ·

456 1836 647 1886 ἴδεσθε
663 1874 677 1900 ,
706 1831 960 1901 διάνδιχα
985 1837 1204 1902 κλῇθρα

457 1921 698 1970 κλίνεται
724 1913 1022 1980 ὑψιπύλων
1048 1915 1249 1985 δόμων.

458 2000 523 2056 ἰεό
548 2019 666 2071 μοι·

458 2090 650 2141 ἴδεσθε
681 2085 811 2140 τάδε
834 2087 997 2139 τέκνα
1022 2082 1127 2154 πρὸ
1155 2083 1359 2153 πατρὸς

460 2169 630 2225 ἄθλια
654 2176 881 2241 κείμενα
907 2169 1204 2239 δυστάνου,

461 2253 720 2320 εὕδοντος
748 2252 929 2310 ὕπνον
954 2252 1145 2310 δεινὸν
1170 2257 1228 2309 ἐκ
1253 2258 1471 2309 παίδων
1498 2250 1696 2322 φόνου.

461 2343 588 2411 περὶ
616 2341 676 2396 δὲ
702 2338 874 2410 δεσμὰ
903 2341 996 2394 καὶ
1019 2336 1316 2410 πολύβροχ’
1347 2336 1608 2409 ἁμμάτων

459 2423 746 2497 ἐρείσμαθ’
769 2423 1092 2495 τΗράκλειον

460 2508 601 2581 ἀμφὶ
627 2513 793 2581 δέμας
817 2510 948 2565 τάδε
972 2515 1182 2573 λαΐνοις

461 2593 745 2666 ἀνημμένα
771 2593 952 2665 [ἀμφὶ]
979 2600 1158 2649 κίοσιν
1185 2601 1368 2648 οἴκων.

460 2673 488 2735 ὃ
517 2678 567 2736 δ’
599 2678 671 2745 ὥς
694 2703 774 2744 τις
798 2677 950 2750 ὅρνις
975 2677 1213 2749 ἄπτερον
1238 2679 1584 2732 καταστένων

463 2766 637 2820 ὠδῖνα
660 2767 899 2833 τέκνων,
925 2766 1167 2835 πρέσβυς
1192 2760 1403 2836 ὑστέρω
1429 2764 1559 2817 ποδὶ

464 2849 666 2917 πικρὰν
692 2850 912 2905 διώκων
936 2846 1136 2920 ἤλυσιν
1161 2844 1399 2918 πάρεσθ’
1428 2843 1539 2902 ὅδε.

1813 231 1919 272 1010

1814 314 1920 357 1009

1816 740 1922 781 1015

1818 1077 1925 1119 1020

1820 1503 1927 1544 1025

1821 1928 1929 1970 1030

1824 2353 1930 2395 1035

1824 2775 1932 2816 1040
