2022 3126
133 92 199 145 10

133 244 249 293 XO.

135 329 244 376 ΘΕ.

135 413 250 462 ΧΟ.

136 583 247 633 ΘΕ.

738 89 1105 137 ΑΛΚΗΣΤΙΣ

327 232 540 290 οὔκουν
563 230 650 289 ἐπ’
683 229 824 305 αὐτῇ
849 232 1149 301 πράσσεται
1175 228 1242 285 τὰ
1269 228 1598 304 πρόσφορας

322 319 524 391 κόσμος
548 316 601 389 γ’
631 321 870 388 ἕτοιμος,
896 309 940 391 ᾦ
965 334 1073 387 σφε
1099 314 1383 379 συνθάψει
1407 313 1581 377 πόσις.

327 413 458 460 ἴστω
481 426 590 459 νυν
620 400 849 473 εὐκλεής
872 424 935 472 γε
961 401 1390 470 κατθανουμένη
1729 412 1814 454 150

325 489 469 561 γυνή
493 486 541 544 τ’
573 485 767 559 ἀρίστη
792 492 904 541 τῶν
931 483 1033 556 ὑφ’
1062 483 1200 558 ἡλίῳ
1232 490 1443 557 μακρῷ.

325 580 440 640 πῶς
466 579 498 629 δ
507 571 518 591 ’
549 570 653 628 οὐκ
684 569 909 642 ἀρίστης
935 577 1017 635 τίς
1043 567 1095 624 δ’
1125 568 1543 634 ἐναντιώσεται;

328 667 384 715 τί
403 657 507 730 χρὴ
533 658 800 729 γενέσθαι
824 654 924 726 τὴν
950 652 1447 725 ὑπερβεβλημένην

327 755 595 817 γυναῖκα;
622 747 738 806 πῶς
763 738 816 796 δ’
845 736 915 795 ἂν
939 745 1151 811 μᾶλλον
1180 737 1483 804 ἐνδείξαιτό
1508 760 1589 803 τις

326 829 492 886 πόσιν
522 823 825 897 προτιμῶσ’
855 821 889 896 ἢ
915 821 1147 880 θέλουσ’
1177 820 1552 893 ὑπερθανεῖν;
1735 844 1813 884 155

326 916 420 971 καὶ
445 919 617 969 ταῦτα
642 912 743 983 μὲν
768 909 836 982 δὴ
864 907 994 965 πᾶσ’
1027 913 1309 965 ἐπίσταται
1333 907 1491 972 πόλις
1507 926 1517 935 ·

331 997 365 1055 ἃ
391 996 443 1055 δ’
474 1002 534 1054 ἐν
560 998 750 1068 δόμοις
777 1001 975 1064 ἔδρασε
998 995 1280 1065 θαυμάσει
1305 993 1511 1048 κλύων.

331 1086 450 1141 ἐπεὶ
474 1083 578 1156 γὰρ
606 1079 813 1156 ᾔσθεθ’
846 1079 1057 1151 ἡμέραν
1082 1078 1183 1150 τὴν
1208 1084 1413 1148 κυρίαν

331 1167 606 1242 ἤκουσαν,
635 1164 803 1222 ὕδασι
831 1171 1117 1236 ποταμίοις
1144 1162 1349 1219 λευκὸν
1374 1162 1510 1234 χρόα

331 1251 605 1323 ἐλούσατ’,
633 1256 691 1308 ἐκ
717 1249 768 1306 δ’
801 1253 1004 1306 ἑλοῦσα
1029 1254 1305 1319 κεδρίνων
1333 1249 1521 1318 δόμων
1737 1259 1820 1303 160

329 1342 538 1411 ἐσθῆτα
562 1337 772 1408 κόσμον
796 1333 848 1391 τ’
880 1333 1171 1407 εὐπρεπῶς
1198 1332 1500 1405 ἠσκήσατο,

330 1426 424 1481 καὶ
448 1428 619 1480 στᾶσα
645 1418 897 1491 πρόσθεν
923 1423 1102 1484 ἑστίας
1126 1419 1458 1490 κατηύξατο·

333 1505 607 1577 δέσποιν’,
636 1506 742 1578 ἐγώ
769 1505 873 1577 γὰρ
901 1512 1126 1576 ἔρχομαι
1150 1503 1290 1559 κατὰ
1313 1502 1534 1574 χθονός,

333 1592 684 1652 πανύστατόν
709 1610 771 1647 σε
796 1587 1199 1659 προσπίτνουσ’
1229 1589 1535 1660 αἰτήσομαι.

331 1677 481 1736 τέκν’
512 1678 861 1749 ὀρφανεῦσαι
888 1674 1045 1746 τάμά,
1073 1677 1164 1730 καὶ
1189 1681 1263 1750 τῷ
1289 1673 1390 1746 μὲν
1416 1678 1586 1744 φίλην
1744 1686 1827 1731 165

334 1765 598 1833 σύζευξον
624 1760 852 1832 ἄλοχον,
880 1767 945 1833 τῇ
972 1761 1033 1816 δὲ
1058 1773 1319 1831 γενναῖον
1344 1758 1525 1814 πόσιν.

335 1847 465 1922 μηδ’
498 1846 682 1914 ὥσπερ
710 1844 897 1902 αὐτῶν
921 1843 954 1916 ἡ
977 1842 1198 1901 τεκοῦσ’
1228 1837 1541 1913 ἀπόλλυμαι

336 1945 537 1991 θανεῖν
563 1931 779 2001 ἀώρους
803 1935 1027 2000 παῖδας,
1058 1927 1177 1984 ἀλλ’
1209 1927 1542 1999 εὐδαίμονας

338 2025 398 2077 ἐν
422 2026 491 2093 γῇ
516 2017 742 2092 πατρῴα
776 2014 1017 2085 τερπνὸν
1042 2018 1306 2085 ἐκπλῆσαι
1331 2019 1473 2084 βίον.

339 2105 546 2169 πάντας
572 2104 632 2158 δὲ
657 2100 879 2174 βωμοὺς
905 2108 962 2156 οἳ
983 2098 1105 2155 κατ’
1130 2098 1398 2170 Ἀδμήτου
1425 2095 1627 2167 δόμους
1738 2107 1823 2154 170

340 2195 627 2261 προσῆλθε
651 2185 947 2254 κᾶξέστεψε
970 2188 1062 2240 καὶ
1089 2183 1460 2255 προσηύξατο,

343 2276 609 2347 πτόρθων
636 2270 1002 2343 ἀποσχίζουσα
1027 2277 1298 2341 μυρσίνης
1327 2269 1527 2339 φόβην,

344 2358 649 2422 ἄκλαυστος
675 2356 1027 2425 ἀστένακτος,
1057 2352 1189 2410 οὐδὲ
1213 2351 1446 2410 τούπιὸν

345 2443 518 2500 κακὸν
544 2450 780 2514 μεθίστη
804 2439 1011 2514 χρωτὸς
1038 2439 1225 2510 εὐειδῆ
1251 2438 1441 2510 φύσιν.

344 2528 574 2585 κᾶπειτα
600 2528 855 2598 θάλαμον
876 2531 1206 2582 εἰσπεσοῦσα
1231 2525 1323 2579 καὶ
1348 2523 1521 2592 λέχος,
1754 2530 1833 2577 175

345 2620 592 2671 ενταῦθα
617 2610 685 2684 δὴ
705 2609 972 2681 ’δακρυσε
996 2613 1086 2665 καὶ
1111 2611 1259 2679 λέγει
1281 2607 1436 2663 τάδε·

345 2693 389 2755 ὦ
413 2701 671 2770 λέκτρον,
700 2703 841 2752 ἔνθα
869 2692 1159 2768 παρθένει’
1189 2690 1342 2749 ἔλυσ’
1375 2689 1481 2762 ἐγώ

345 2785 664 2860 [κορεύματ’
703 2788 761 2839 ἐκ
791 2784 949 2839 τοῦδ’
985 2783 1216 2853 ἀνδρός,
1251 2781 1317 2837 οὗ
1347 2782 1577 2853 θνήσκω
1609 2782 1774 2856 πέρι],

340 2869 522 2942 χαῖρ’·
557 2867 622 2924 οὐ
656 2867 762 2938 γὰρ
796 2869 1038 2938 ἐχθαίρω
1071 2864 1152 2922 σ’·
1186 2864 1472 2930 ἀπώλεσας
1504 2866 1570 2921 δέ
1595 2890 1662 2937 με
