2022 3126
771 87 1106 132 ΙΚΕΤΙΔΕΣ
1654 82 1756 135 385

295 230 412 283 ἐπεὶ
437 223 487 282 δ’
518 225 707 298 ἀγῶνα
731 229 824 281 καὶ
849 225 919 280 σὺ
944 224 1096 280 τόνδ’
1123 224 1399 297 ἠγωνίσω,

297 309 458 367 ἄκου’
476 330 487 340 “
516 308 749 382 ἅμιλλαν
774 309 877 380 γὰρ
902 308 972 365 σύ
997 310 1322 381 προύθηκας
1346 310 1542 382 λόγων.

295 394 463 451 οὐδὲν
486 395 765 464 τυράννου
792 396 1226 465 δυσμενέστερον
1250 395 1423 465 πόλει,

294 476 436 534 ὅπου
459 478 519 534 τὸ
546 480 648 550 μὲν
674 479 981 548 πρώτιστον
1005 476 1109 533 οὐκ
1137 481 1274 534 εἰσὶν
1299 476 1460 550 νόμοι
1675 493 1758 536 430

295 569 500 633 κοινοί,
527 575 719 633 κρατεῖ
739 568 771 618 δ
779 560 791 580 ’
823 559 898 627 εἷς
922 561 1018 618 τὸν
1039 563 1211 633 νόμον
1233 566 1561 635 κεκτημένος

296 644 461 712 αὐτὸς
483 645 614 716 παρ’
643 644 821 721 αὐτῷ,
851 649 943 702 καὶ
967 644 1084 701 τόδ’
1113 644 1297 703 οὐκέτ’
1326 646 1435 703 ἔστ’
1465 657 1602 704 ἴσον.

293 734 686 802 γεγραμμένων
710 733 771 788 δὲ
797 737 908 786 τῶν
931 732 1116 801 νόμων
1142 728 1172 787 ὅ
1194 730 1241 786 τ’
1271 729 1511 803 ἀσθενὴς

294 814 321 871 ὁ
346 816 603 879 πλούσιός
626 838 683 870 τε
706 815 806 886 τὴν
830 821 992 886 δίκην
1020 824 1144 886 ἴσην
1169 822 1294 886 ἔχει,
1676 831 1759 873 434

294 905 422 973 νικᾷ
446 904 479 955 δ
485 897 497 917 ’
526 897 555 955 ὁ
578 905 750 969 μείων
775 899 871 955 τὸν
894 903 1066 970 μέγαν
1091 899 1261 956 δίκαι’
1290 907 1444 971 ἔχων.

294 981 669 1053 τούλεύθερον
697 981 750 1038 δ’
780 986 957 1039 ἐκεῖνο
974 1003 984 1012 ·
1036 990 1116 1049 τίς
1140 986 1295 1040 θέλει
1320 985 1476 1040 πόλει

292 1068 528 1139 χρηστόν
552 1091 602 1122 τι
627 1066 894 1139 βούλευμ’
925 1074 1000 1133 εἰς
1023 1071 1193 1139 μέσον
1217 1071 1410 1141 φέρειν
1435 1076 1601 1140 ἔχωνς

291 1153 382 1207 καὶ
404 1150 561 1207 ταῦθ’
591 1149 619 1207 ὁ
644 1152 856 1225 χρῄζων
882 1153 1126 1224 λαμπρός
1151 1151 1284 1223 ἐσθ’,
1310 1151 1338 1209 ὁ
1364 1153 1437 1224 μὴ
1462 1155 1647 1210 θέλων
1675 1167 1758 1208 440

293 1242 437 1310 σιγᾷ.
483 1243 541 1291 τί
558 1236 772 1291 τούτων
796 1235 906 1292 ἔστ’
938 1243 1213 1307 ἰσαίτερον
1238 1238 1423 1304 πόλει;

290 1323 383 1376 καὶ
407 1319 517 1391 μὴν
541 1317 681 1376 ὅπου
706 1344 767 1390 γε
794 1326 962 1392 δῆμος
988 1318 1264 1393 αὐθέντης
1287 1323 1505 1393 χθονός,

290 1402 531 1460 ὑποῦσιν
555 1402 735 1469 ἀστοῖς
758 1402 947 1476 ἥδεται
970 1412 1216 1471 νεανίαις
1231 1425 1241 1436 ·

291 1486 429 1559 ἀνὴρ
458 1489 518 1544 δὲ
542 1489 799 1560 βασιλεὺς
827 1488 1053 1559 [ἐχθρόν
1081 1488 1289 1559 ἡγεῖται
1317 1489 1445 1545 τόδε

291 1575 383 1629 καὶ
405 1571 534 1637 τοὺς
559 1570 838 1646 ἀρίστους]
872 1597 968 1640 ους
998 1600 1068 1631 αν
1096 1575 1288 1647 ἡγῆται
1316 1589 1546 1647 φρονεῖν
1672 1590 1755 1633 445

288 1663 519 1726 κτείνει,
539 1656 810 1722 ’δεδοικως
832 1663 925 1729 τῆς
949 1663 1279 1729 τυραννίδος
1300 1661 1441 1731 πέρι.

291 1763 404 1805 πως
432 1733 536 1796 οὖν
562 1739 636 1797 ἔτ’
667 1765 736 1796 αν
759 1739 963 1812 γένοιτ’
992 1738 1060 1797 ἂν
1086 1741 1282 1814 ἰσχυρὰ
1305 1744 1477 1813 πόλις,

292 1822 426 1880 ὅταν
449 1848 528 1890 τις
554 1848 626 1890 ως
651 1832 918 1897 λειμωνος
941 1824 1142 1899 ἠρινοῦ
1167 1827 1375 1898 στάχυν

290 1910 488 1981 τόλμας
513 1907 723 1983 ἀφαιρῇ
747 1907 1087 1984 κάπολωτίζῃ
1109 1914 1300 1979 νέους;

288 2000 524 2050 κτᾶσθαι
548 1994 609 2050 δὲ
633 2001 874 2050 πλοῦτον
897 1997 989 2050 καὶ
1013 2002 1140 2067 βίον
1161 2002 1219 2051 τί
1240 2001 1274 2052 δ
1278 2009 1330 2052 εἴ
1347 1999 1573 2067 τέκνοις,
1670 2012 1754 2054 450

291 2076 361 2142 ὡς
386 2084 460 2153 τῷ
485 2078 739 2153 τυράννῳ
764 2076 973 2135 πλείον’
1004 2083 1246 2153 ἐκμοχθῇ
1269 2087 1423 2152 βίους

288 2160 322 2233 ἦ
346 2162 719 2233 παρθενεύειν
742 2168 941 2229 παῖδας
965 2167 1025 2220 ἐν
1050 2164 1237 2236 δόμοις
1260 2171 1440 2230 καλῶς

290 2244 525 2317 τερπνὰς
546 2246 838 2317 τυράννοις
860 2245 1092 2320 ἡδονάς,
1117 2246 1250 2305 ὅταν
1278 2251 1436 2321 θέλῃ,

292 2331 506 2401 δάκρυα
535 2329 586 2386 δ’
616 2331 984 2402 ἑτοιμάζουσι;
1009 2331 1082 2404 μὴ
1107 2333 1250 2408 ζῴην
1274 2339 1370 2402 ἔτι,

293 2422 342 2470 εἰ
362 2412 504 2485 τάμὰ
529 2417 690 2471 τέκνα
718 2415 853 2488 πρὸς
876 2422 1006 2488 βίαν
1021 2417 1380 2488 νυμφεύεται.
1667 2432 1749 2475 455

292 2501 383 2554 καὶ
406 2504 577 2555 ταῦτα
600 2501 702 2571 μὲν
727 2499 794 2570 δὴ
820 2499 957 2573 πρὸς
980 2499 1100 2556 τάδ’
1132 2502 1465 2572 ἐξηκόντισα.

291 2581 441 2654 ἥκεις
465 2583 527 2639 δὲ
551 2583 618 2655 δὴ
644 2589 703 2639 τί
721 2589 886 2655 τῆσδε
908 2591 1008 2656 γῆς
1031 2587 1389 2657 κεχρημένος;

290 2674 498 2724 κλαίων
521 2664 575 2738 γ’
602 2664 671 2725 ἂν
694 2661 891 2740 ἦλθες,
917 2678 972 2726 εἰ
989 2686 1052 2725 σε
1072 2667 1146 2741 μὴ
1177 2667 1424 2742 ’πεμψεν
1446 2669 1618 2741 πόλις,

294 2796 415 2843 ἔστιν
443 2797 489 2843 δ’
521 2798 728 2845 ἐνισπεῖν
756 2808 908 2847 τοῖσιν
913 2799 1289 2872 ἀσθενεστέροις
1394 2794 1398 2798 ’
1662 2808 1747 2849 435

288 2854 371 2900 τὸν
401 2854 683 2914 ευτυχοῦντα
713 2855 873 2913 ταῦθ’,
905 2876 1019 2903 οταν
1044 2858 1159 2918 κλύῃ
1190 2877 1357 2911 κακως.

238 2933 387 2967 avan>
423 2936 524 2968 VOL.
562 2925 597 2968 I.
1413 2921 1476 2970 25
