2022 3126
805 76 1138 121 ΙΚΕΤΙΔΕΣ
1682 75 1782 126 393

318 218 406 285 χοῖ
424 211 525 285 μὲν
552 213 761 287 σιδήρῳ
785 210 1128 284 διεμάχονθ’,
1156 219 1212 269 οἳ
1231 211 1288 270 δ’
1316 220 1582 286 ἔστρεφον

320 298 539 362 πώλους
563 300 615 362 ἐς
638 294 812 367 ἀλκὴν
835 289 1004 362 αὖθις
1027 300 1080 362 ἐς
1104 298 1456 370 παραιβάτας.

320 381 458 438 ἰδων
481 381 543 438 δὲ
567 378 860 452 Φόρβας,
840 405 900 445 ος
923 382 1301 452 μοναμπύκων
1326 380 1458 450 άναξ
1699 399 1780 442 680

317 458 386 537 ἦν
408 479 519 530 τοῖς
522 463 997 566 Ἐρεχθείδαισιν,
1024 463 1281 537 ἁρμάτων
1308 464 1489 538 οχλον,

318 555 374 606 οἵ
392 548 440 605 τ’
469 551 541 605 αύ
565 549 624 605 τὸ
655 550 887 621 Κάδμου
912 548 1341 620 διεφύλασσον’
1317 553 1556 622 ιππικόν,

317 639 573 706 συνῆψαν
599 631 774 706 ἀλκὴν
796 632 1111 705 κάκράτουν
1134 633 1382 705 ἡσσῶντό
1406 659 1480 692 τε.

317 718 566 774 λεύσσων
592 719 653 774 δὲ
678 725 847 775 ταῦτα
870 717 973 774 κού
998 718 1211 789 κλύων,
1238 723 1353 776 ἐκεῖ
1375 720 1479 791 γὰρ
1504 714 1539 792 ἦ

318 800 440 858 ἔνθ’
473 801 670 874 ἅρματ’
699 801 994 875 ἠγωνίζεθ’
1021 801 1143 859 οἵτ’
1172 803 1484 876 ἐπεμβάται,
1696 819 1777 863 685

315 885 471 943 τάκεῖ
491 888 736 959 παρόντα
762 887 935 944 πολλὰ
958 885 1180 959 πήματ’,
1213 886 1315 944 οὐκ
1341 895 1442 960 ἔχω

314 979 371 1027 τί
390 977 610 1043 πρῶτον
637 981 799 1042 εἴπω,
824 972 1027 1044 πότερα
1050 971 1150 1043 τὴν
1175 976 1228 1038 ἐς
1251 971 1492 1046 οὐρανὸν

312 1057 471 1112 κόνιν
494 1059 1032 1127 προσαντέλλουσαν,
1062 1054 1134 1122 ὡς
1157 1057 1329 1129 πολλὴ
1354 1065 1553 1130 παρῆν,

310 1137 346 1212 ἢ
368 1140 494 1205 τοὺς
519 1139 632 1196 ἅνω
657 1164 715 1197 τε
738 1144 829 1197 καὶ
853 1141 998 1197 κάτω
1025 1144 1408 1214 φορουμένους

316 1230 528 1296 ἱμᾶσιν,
556 1226 779 1296 αἵματός
804 1249 860 1281 τε
886 1233 1111 1297 φοινίου
1140 1227 1284 1299 ῥοάς,
1694 1243 1777 1286 690

312 1317 421 1365 τῶν
446 1333 546 1380 μεν
572 1310 895 1381 πιτνόντων,
920 1335 1031 1366 των
1056 1313 1117 1367 δε
1135 1314 1540 1383 θραυσθέντων
1559 1318 1777 1385 δίφρων

314 1400 388 1459 εἰς
415 1400 585 1466 κρᾶτα
613 1394 749 1465 πρὸς
771 1402 878 1466 γῆν
902 1396 1355 1467 ἐκκυβιστώντων
1380 1403 1475 1470 βία

310 1477 445 1550 πρὸς
470 1475 728 1550 αρμάτων
751 1504 780 1535 τ
828 1477 1011 1551 ἀγαῖσι
1036 1481 1340 1537 λειπόντων
1364 1487 1504 1552 βίον.

311 1586 551 1619 νικωντα
576 1561 630 1619 δ’
662 1569 846 1630 ἵπποις
871 1588 943 1630 ως
966 1563 1222 1621 ὑπείδετο
1246 1565 1479 1636 στρατὸν

311 1650 508 1719 Κρέων
531 1647 628 1703 τὸν
653 1648 899 1720 ἐνθένδ’,
928 1652 1076 1705 ἰτέαν
1103 1649 1289 1721 λαβών
1311 1652 1429 1721 χερὶ
1693 1664 1775 1707 695

310 1746 502 1805 χωρεῖ,
529 1735 662 1805 πρὶν
687 1737 874 1789 ἐλθεῖν
900 1735 1196 1805 ξυμμάχοις
1219 1739 1557 1805 δυσθυμίαν.

309 1811 403 1872 καὶ
430 1816 538 1888 μὴν
562 1816 628 1872 τὰ
654 1820 874 1890 Θησέως
898 1817 952 1890 γ’
980 1817 1082 1874 οὐκ
1108 1817 1253 1893 ὄκνῳ
1278 1819 1576 1890 διεφθάρη,

309 1899 429 1957 ἀλλ’
458 1900 556 1957 ἵετ’
591 1900 766 1968 εὐθὺς
791 1902 996 1977 λάμπρ’
1024 1901 1343 1976 άναρπάσας
1369 1900 1536 1960 ὅπλα·

311 1988 403 2042 καὶ
428 1985 832 2058 συμπατάξαντ’
863 1991 916 2054 ἐς
937 1991 1106 2059 μέσον
1131 1988 1307 2044 πάντα
1332 2008 1567 2060 στρατον

309 2077 554 2127 ἔκτεινον
578 2075 912 2142 ἐκτείνοντο,
938 2074 1031 2128 καὶ
1056 2073 1396 2145 παρηγγύων
1692 2086 1772 2129 700

311 2155 616 2227 κελευσμὸν
640 2154 922 2228 ἀλλήλοισι
947 2156 1055 2213 σὺν
1078 2165 1252 2231 πολλῇ
1275 2165 1403 2230 βοῇ·

307 2238 479 2310 θεῖν’,
509 2238 790 2312 ἀντέρειδε
813 2255 926 2307 τοῖς
943 2239 1312 2314 Ἐρεχθείδαις
1337 2243 1492 2313 δόρυ.

309 2325 465 2396 λόχος
489 2322 541 2379 δ’
571 2323 871 2380 ὀδόντων”
840 2350 1006 2397 οφεος
1031 2329 1439 2432 ἐξηνδρωμένος

306 2407 485 2473 δεινὸς
509 2410 803 2481 παλαιστὴς
824 2413 918 2482 ἠν·
946 2417 1124 2468 ἔκλινε
1148 2435 1251 2484 γαρ
1277 2415 1438 2484 κέρας

306 2492 365 2548 τὸ
392 2492 551 2549 λαιὸν
574 2492 753 2566 ἡμων·
783 2499 968 2562 δεξιοῦ
994 2494 1046 2551 δ’
1076 2494 1398 2568 ἡσσώμενον
1688 2509 1768 2554 705

311 2578 508 2650 φεύγει
533 2578 593 2635 τὸ
619 2585 847 2635 κείνων·
877 2582 948 2652 ῆν
973 2578 1026 2635 δ’
1060 2577 1214 2652 άγων
1239 2581 1545 2654 ἰσόρροπος.

305 2660 410 2718 κάν
435 2668 575 2737 τῷδε
597 2663 695 2719 τὸν
723 2663 1028 2737 στρατηγὸν
1053 2667 1266 2722 αἰνέσαι
1290 2671 1496 2736 παρῆν·

306 2743 374 2801 ού
399 2747 502 2816 γὰρ
531 2747 590 2803 τὸ
615 2755 790 2805 νικῶν
813 2748 965 2806 τοῦτ’
995 2753 1309 2818 ἐκέρδαινεν
1340 2753 1532 2820 μόνον,

305 2828 426 2887 ἀλλ’
457 2829 612 2907 ᾤχετ’
643 2838 719 2898 εἰς
742 2833 803 2890 τὸ
826 2835 1038 2906 κάμνον
1066 2841 1275 2892 οἰκείου
1302 2840 1558 2908 στρατοῦ.
