2022 3126
226 106 331 158 418

227 257 323 305 ΘΕ

226 425 323 473 IH.

226 511 322 558 ΘΕ

224 595 324 643 ΙΠ.

226 679 334 728 ΘΕ.

223 764 323 813 ΙΠ.

226 849 335 897 ΘΕ.

223 934 324 982 ΙΠ.

227 1019 337 1067 ΘΕ.

230 1103 323 1151 [Π.

228 1188 339 1236 ΘΕ.

224 1273 325 1322 ΙΠ.

229 1358 340 1406 ΘΕ.

227 1443 323 1491 IH.

227 1528 338 1576 ΘΕ.

226 1611 325 1661 ΙΠ.

228 1697 338 1746 ΘΕ.

227 1782 328 1830 ΙΠ.

229 1867 339 1916 ΘΕ.

230 1952 327 1999 IH.

232 2459 343 2508 ΘΕ.

853 105 1277 153 ΙΠΠΟΛΤΤΟΣ

417 246 579 317 αναξ,
606 246 778 312 θεοὺς
802 245 907 318 γὰρ
934 248 1201 310 δεσπότας
1226 252 1328 300 καλ
1333 258 1416 301 εῖν
1446 268 1653 317 χρεωτ,

418 331 506 401 ἀρ’
536 330 605 387 ἅν
629 338 686 387 τί
704 355 812 402 μου
839 333 1021 397 δέξαιο
1051 330 1458 401 βουλεύσαντος
1486 332 1579 385 εὑ·
1566 374 1579 396 ,

414 420 506 473 καὶ
531 417 703 487 κάρτα
728 414 782 487 γ’
803 417 874 486 ’ἡ
906 414 1011 486 γὰρ
1039 413 1106 470 οὐ
1133 416 1300 485 σοφοὶ
1325 413 1652 486 φαινοίμεθ’
1682 439 1764 470 αν.
1840 430 1895 473 90

418 499 567 558 056⁹&
598 494 700 556 οῦν
724 507 1008 573 βροτοῖσιν
1033 496 1092 563 ὂς
1116 501 1461 570 καθέστηκεν
1484 499 1667 570 νόμος

415 584 518 643 οὐκ
542 585 690 642 οἶδα·
718 591 816 641 τοῦ
843 585 903 640 δὲ
926 591 1024 640 καί
1044 583 1101 654 μ’
1130 581 1438 654 ἀνιστορεῖς
1463 586 1616 654 πτέρις

417 684 599 742 μισεῖν
627 669 686 725 τὸ
715 668 920 741 σεμνὸν
945 671 1036 724 καὶ
1065 668 1123 723 τὸ
1149 667 1221 739 μὴ
1249 674 1418 724 πᾶσιν
1445 674 1642 740 φίλον;

415 754 600 828 ὀρθῶς
626 774 714 826 γε·
742 761 823 820 τίς
849 751 904 810 δ’
937 751 1004 809 οὐ
1031 752 1230 824 σεμνὸς
1254 751 1514 823 ἆχθεινός
1538 759 1778 824 βροτών;

420 844 480 897 ἐν
511 837 563 896 δ’
599 838 1096 910 εῦπροσηγόροισιν
1123 844 1237 893 ε’στι
1263 862 1344 903 τις
1367 837 1546 909 χάρις·
1534 879 1548 902 ,
1841 852 1893 894 95

415 931 639 996 πλείστη
667 947 755 996 γε,
781 926 873 979 καὶ
897 925 1091 1025 κέρδος
1116 945 1177 994 γε
1203 922 1310 978 σὺν
1335 922 1526 997 μόχθω
1553 929 1757 993 βραχεῖ.

419 1012 452 1081 ἡ
480 1008 585 1065 κάν
607 1018 789 1065 θεοῖσι
815 1006 1019 1064 ταῦτόν
1044 1011 1275 1075 ἐλπίζεις
1300 1007 1455 1063 τόδε·
1443 1051 1456 1074 ,

417 1104 570 1165 εἴπερ
596 1118 659 1166 γε
681 1095 881 1165 θνητοὶ
906 1099 1059 1148 θεῶν
1082 1093 1300 1164 νόμοισι
1323 1093 1601 1163 χρώμεθα.

420 1187 534 1245 πῶς
561 1172 665 1235 οῦν
689 1177 759 1234 σὺ
786 1177 994 1248 σεμνὴν
1019 1174 1239 1248 δαίμον’
1269 1175 1336 1232 οὐ
1364 1178 1781 1246 προσεννέπειςς

417 1262 522 1320 τίν’
546 1290 560 1330 ;
594 1261 837 1334 εὐλαβοῦ
864 1263 925 1318 δὲ
948 1262 1021 1333 μή
1047 1286 1097 1317 τι
1130 1268 1233 1317 σοῦ
1260 1268 1444 1334 σφαλῇ
1472 1261 1658 1331 στόμα.
1816 1276 1894 1316 100

427 1347 583 1421 τήνδ’
614 1346 648 1419 ἢ
673 1348 900 1404 πύλαισι
925 1359 1044 1411 σαῖς
1070 1348 1370 1417 ἐφέστηκεν
1395 1346 1628 1415 Κύπρις.

416 1435 714 1502 πρόσωθεν
739 1430 915 1502 αὐτὴν
941 1430 1109 1503 ἁγνὸς
1135 1427 1215 1486 ὦν
1241 1429 1555 1502 ἀσπάζομαι.

410 1519 581 1590 σεμνή
612 1542 674 1590 γε
699 1521 886 1589 μέντοι
912 1514 1217 1587 κάπίσημος
1242 1519 1301 1571 ἐν
1325 1523 1555 1588 βροτοῖς.

418 1602 665 1659 ἄλλοισιν
692 1601 853 1667 ἄλλος
879 1608 1032 1657 θεῶν
1062 1624 1119 1656 τε
1147 1598 1505 1671 κάνθρώπων
1529 1602 1695 1671 μέλει.

421 1686 808 1759 εὐδαιμονοίης
831 1694 970 1743 νοῦν
995 1693 1135 1758 ε’χων
1164 1681 1285 1742 οἷόν
1313 1703 1374 1741 σε
1399 1691 1459 1740 δε
1441 1698 1497 1740 ρῖ.
1817 1699 1894 1740 105

412 1771 598 1838 οὐδείς
621 1772 680 1844 μ’
708 1770 930 1843 αρέσκει
953 1773 1115 1828 νυκτὶ
1139 1769 1459 1842 θαυμαστὸς
1482 1776 1652 1825 θεῶν.

420 1871 689 1929 τιμαῖσιν
720 1881 760 1913 ω
789 1871 913 1928 παῖ,
947 1856 1227 1929 δαιμόνων
1252 1862 1493 1927 χρῆσθαι
1520 1854 1713 1926 χρεών.

418 1941 657 2014 χωρεῖτ’.
685 1941 913 2013 ὀπαδοί
939 1945 1032 1998 καὶ
1054 1941 1428 2013 παρελθόντες
1453 1939 1658 2011 δόμους

420 2034 587 2083 σίτων
611 2031 872 2098 μέλεσθε·
900 2026 1141 2098 τερπνὸν
1165 2030 1223 2082 ἐκ
1251 2031 1518 2095 κυναγιάς

421 2113 656 2184 τράπεζα
682 2113 916 2184 πλήρης·
944 2113 1036 2167 καὶ
1062 2110 1397 2180 καταψήχειν
1421 2108 1600 2181 χρεων
1817 2123 1894 2163 110

420 2203 620 2262 ἵππους
637 2241 650 2267 ,
678 2194 825 2262 ὅπως
849 2193 918 2252 ἄν
942 2194 1143 2267 ἅρμασι
1168 2195 1353 2263 ζεύξας
1379 2191 1489 2249 ὕπο

421 2288 588 2354 βορᾶς
612 2284 900 2353 κορεσθεὶς
924 2281 1187 2352 γυμνάσω
1214 2278 1279 2335 τὰ
1303 2279 1594 2351 πρόσφορα
1611 2297 1621 2306 ·

420 2366 521 2438 τὴν
546 2365 649 2438 σὴν
677 2367 738 2422 δὲ
761 2367 986 2437 Κύπριν
1011 2363 1169 2421 πόλλ’
1200 2364 1305 2436 ἐγω
1331 2370 1544 2435 χαίρειν
1566 2364 1722 2433 λέγω.

422 2449 577 2523 ἡμεῖς
603 2453 691 2521 δέ,
718 2450 847 2516 τοῦς
871 2453 1032 2515 νέους
1055 2449 1160 2522 γὰρ
1186 2447 1251 2505 οὐ
1277 2451 1554 2520 μιμητέον,

422 2542 764 2608 φρονοῦντες
789 2533 963 2601 οὕτως
989 2533 1061 2600 ὡς
1090 2537 1284 2605 πρέπει
1310 2534 1529 2597 δούλοις
1555 2534 1753 2602 λέγειν,
1818 2545 1892 2585 115

423 2621 877 2691 προσευξόμεσθα
901 2634 1042 2676 τοῖσι
1066 2633 1179 2684 σοῖς
1206 2616 1494 2690 ἀγάλμασι,

422 2707 684 2761 δέσποινα
706 2706 910 2774 Κύπρι.
973 2702 1074 2776 χρὴ
1101 2705 1161 2759 δὲ
1183 2703 1518 2774 συγγνώμην
1547 2708 1706 2773 ἔχειν,

425 2798 478 2846 εἴ
499 2796 579 2854 τίς
603 2787 654 2845 σ’
685 2787 787 2860 ὑφ’
816 2787 952 2860 ἥβης
978 2788 1292 2860 σπλάγχνον
1318 2794 1545 2843 ἔντονον
1571 2788 1758 2858 φέρων

425 2874 620 2929 αάταια
645 2874 792 2944 βάζει
810 2892 820 2902 ·
847 2873 918 2945 μὴ
948 2874 1100 2929 δόκει
1128 2873 1327 2929 τούτου
1352 2871 1570 2927 κλύειν·
