2022 3126
738 107 1153 153 ΙΠΠΟΛΤΤΟΣ

322 248 564 321 λόγοισιν
590 244 773 318 ’ἥσθην
797 252 1006 302 τοῖσδε·
1031 252 1140 302 νῦν
1164 243 1217 301 δ’
1247 245 1573 318 αἰδούμενος

322 333 492 398 θεούς
514 330 562 386 τ’
593 330 807 387 ἐκεῖνόν
830 328 911 401 θ’,
945 327 1132 386 οὕνεκ’
1162 332 1310 386 ἐστὶν
1335 333 1387 397 ἐξ
1414 334 1564 402 ἐμοῦ,

321 414 454 473 οὔθ’
482 414 682 487 ἥδομαι
706 412 879 470 τοῖσδ’
907 411 1025 470 οὔτ’
1055 415 1362 485 ἐπάχθομαι
1387 429 1590 481 κακοῖς.

134 509 289 559 ΑΓΓ.
317 508 430 566 πῶς
454 494 584 566 οὖν;
611 505 849 571 κομίζειν
872 495 908 570 ἦ
931 504 987 554 τί
1003 499 1105 570 χρὴ
1130 498 1226 554 τὸν
1251 497 1453 555 ἄθλιον

323 585 627 658 δράσαντας
651 581 790 655 ἡμᾶς
812 589 880 657 σῇ
902 590 1219 653 χαρίζεσθαι
1244 590 1415 656 φρενί
1422 609 1436 651 ;

324 667 570 742 φρόντιζ’
591 687 602 697 ·
631 671 777 739 ἐμοῖς
802 668 862 724 δὲ
884 666 1164 740 χρώμενος
1186 669 1562 739 βουλεύμασιν

321 751 422 809 οὐκ
447 751 591 824 ὠμὸς
618 759 693 817 εἰς
720 751 820 808 σὸν
843 757 1012 808 παῖδα
1037 751 1401 823 δυστυχοῦντ’
1430 759 1557 810 ἔσει.

132 845 250 895 ΘΗ.
318 835 551 909 κομίζετ’
581 835 782 906 αὐτόν,
812 834 883 901 ὡς
909 835 1046 893 ι’δών
1070 841 1129 893 ἐν
1153 834 1356 909 ὄμμασι

134 1097 245 1147 ΧΟ.

133 2366 178 2411 A
182 2364 234 2411 P.

316 920 414 978 τὸν
437 920 559 994 τᾶμ’
590 919 980 992 άπαρνηθέντα
1004 920 1076 992 μὴ
1098 927 1296 993 χρᾶναι
1318 923 1445 993 λέχη

316 1006 498 1077 λόγοις
521 1004 568 1061 τ’
597 1007 792 1076 ἐλέγξω
818 1006 1098 1076 δαιμόνων
1121 1029 1179 1061 τε
1202 1019 1528 1078 συμφοραῖς.

315 1089 385 1145 σὺ
408 1090 509 1146 τὰν
531 1095 685 1145 θεῶν
705 1087 990 1162 άκαμπτον
1016 1092 1192 1163 φρένα
1216 1092 1308 1147 καὶ
1331 1097 1547 1163 βροτῶν

320 1172 496 1269 άγεις,
527 1173 740 1245 Κύπρι
770 1174 877 1230 σὺν
902 1171 953 1228 δ’

316 1282 344 1314 ο
371 1258 786 1329 ποικιλόπτερος
811 1256 1140 1330 ἀμφιβαλών

320 1340 579 1418 ωκυτάτςο
604 1349 783 1417 πτερῷ

320 1434 548 1483 ποτᾶται
566 1425 649 1481 ’πὶ
672 1441 834 1498 γαῖαν
860 1425 1126 1499 ευάχητόν
1149 1425 1210 1483 θ’

317 1509 565 1584 ἁλμυρὸν
590 1513 679 1566 ἐπὶ
706 1512 924 1568 πόντον.

314 1599 505 1667 θέλγει
531 1593 582 1651 δ’
596 1592 843 1672 Ἑρως,
825 1589 868 1652 (ὁ
892 1598 1192 1671 μαινομένα
1215 1602 1416 1672 κραδία

315 1680 517 1747 πτανὸς
541 1680 821 1754 ἐφορμάσῃ

314 1765 650 1838 κρυσοφαής,

317 1849 490 1921 φύσιν
518 1847 797 1921 ὀρεσκόων

317 1934 608 1990 σκυλάκων
633 1939 912 2006 πελαγίων
934 1932 996 1990 θ’
1026 1932 1127 1990 ὅσα
1148 1957 1206 1990 τε
1227 1940 1298 2005 γᾶ
1325 1935 1531 2007 τρέφει,

315 2015 606 2084 τάνἍλιος
629 2019 926 2090 αἰθόμενος
958 2020 1224 2090 δέρκεται,

316 2100 522 2173 ἄνδρας
545 2126 603 2158 τε
620 2122 630 2132 ·
658 2103 994 2174 συμπάντων
1024 2103 1085 2158 δὲ

317 2192 610 2257 βασιληίδα
636 2188 825 2259 τιμάν,
852 2187 1059 2259 Κύπρι,

316 2276 492 2326 τῶνδε
514 2271 656 2342 μόνα
678 2271 984 2344 κρατύνεις.

314 2356 374 2410 σὲ
398 2354 494 2411 τὸν
523 2352 860 2426 εὐπατρίδαν
885 2354 1096 2425 Αἰγέως
1120 2360 1342 2426 κέλομαι

315 2437 468 2495 παῖδ’
498 2442 827 2495 ἐπακοῦσαι·

317 2529 528 2594 Λητοῦς
553 2524 613 2579 δὲ
638 2524 774 2595 κόρη
798 2521 1111 2596 σ”Ἀρτεμις
1134 2520 1305 2579 αὐδῶ.

316 2613 527 2679 Θησεῦ,
554 2614 611 2663 τί
628 2608 790 2673 τάλας
814 2612 996 2664 τοῖσδε
1020 2606 1198 2678 συνήδ
1202 2630 1264 2679 ει,

317 2689 468 2748 παῖδ’
497 2690 597 2762 οὐχ
621 2689 785 2757 ὁσίως
809 2691 910 2748 σὸν
933 2689 1274 2762 ἀποκτείνας,

315 2777 545 2840 ψευδέσι
568 2776 770 2847 μύθοις
794 2775 996 2847 ἀλόχου
1026 2781 1274 2842 πεισθεὶς

316 2858 522 2932 ἆφανῆ;
546 2860 794 2931 φανερὰν
824 2856 873 2913 δ’
896 2865 1116 2929 ἔσχεθες
1143 2858 1294 2930 ἄτην.

1678 105 1779 156 455

1673 433 1781 476 1260

1674 855 1780 900 1265

1671 1275 1779 1319 1270

1671 1694 1776 1739 1275

1671 2094 1812 2160 1280*

1670 2535 1775 2579 1285
