2022 3126
184 104 246 148 la

179 508 294 558 ΑΔ.

176 1191 286 1238 ΑΛ.

844 106 1164 153 ΑΛΚΗΣΓΙ
1167 109 1218 153 Σ

368 246 535 302 τέκνα
557 243 719 315 τέκν’,
746 243 932 301 οὐκέτι
958 247 1027 318 δὴ

365 328 552 387 οὐκέτι
576 330 753 403 μάτηρ
778 337 942 405 σφῷν
966 337 1133 387 ἔστιν.

363 422 666 487 χαίροντες,
695 408 740 470 οἷ
763 418 946 486 τέκνα,
973 416 1101 472 τόδε
1127 416 1269 487 φάος
1292 414 1527 492 ὁρῷτην.

366 509 539 572 οἴμοι·
565 498 682 556 τόδ’
714 506 842 564 ἔπος
865 499 1086 572 λυπρὸν
1111 499 1295 557 ἀκούω

361 588 455 642 καὶ
477 588 684 649 παντὸς
708 586 829 656 ἐμοὶ
850 585 1103 641 θανάτου
1126 593 1326 658 μεῖζον.

364 671 437 743 μὴ
465 671 603 741 πρός
646 688 709 726 σε
729 675 886 728 θεῶν
908 677 1037 744 τλῇς
1060 694 1128 741 με
1151 675 1479 743 προδοῦναι,

363 756 436 828 μὴ
466 756 604 825 πρὸς
628 761 847 812 παίδων
870 753 968 821 οὓς
994 753 1302 827 ὀρφανιεῐς,

363 840 475 897 ἀλλ’
506 839 612 897 ἄνα
636 842 806 913 τόλμα

361 933 465 983 σοῦ
490 926 595 999 γὰρ
622 930 902 998 φθιμένης
927 924 1102 982 οὐκέτ’
1132 923 1202 982 ἂν
1227 935 1371 998 εἵην·

364 1016 424 1068 ἐν
452 1015 540 1068 σοὶ
564 1009 617 1067 δ’
650 1013 814 1084 ε’σμὲν
839 1014 933 1067 καὶ
971 1018 1068 1083 ζῆν
1091 1014 1184 1067 καὶ
1207 1011 1309 1083 μή·

361 1096 465 1170 σὴν
489 1096 595 1170 γὰρ
621 1104 816 1169 φιλίαν
840 1097 1172 1169 σεβόμεσθα.

349 1180 622 1256 ”Αδμηθ’,
649 1180 782 1258 ὁρᾷς
806 1182 911 1255 γὰρ
936 1180 1079 1254 τάμὰ
1105 1179 1385 1255 πράγμαθ’
1416 1180 1487 1248 ὡς
1514 1189 1639 1254 ἔχει,

361 1270 510 1335 λέξαι.
533 1270 684 1324 θέλω
711 1288 797 1324 σοι
822 1270 957 1340 πρὶν
981 1277 1184 1324 θανεῖν
1210 1264 1245 1324 ἂ
1268 1267 1555 1339 βούλομαι.

363 1353 474 1424 ἐγώ
498 1373 560 1409 σε
583 1353 975 1425 πρεσβεύουσα
992 1352 1169 1425 [κάντὶ
1200 1360 1292 1424 τῆς
1325 1357 1453 1425 ἐμῆς

357 1445 537 1510 ψυχῆς
561 1436 963 1510 καταστήσασα]
978 1442 1097 1507 φῶς
1115 1438 1214 1493 τόδ
1225 1435 1238 1455 '
1271 1443 1512 1509 εἰσορᾶν,

359 1524 591 1595 θνήσκω
617 1524 798 1594 παρόν
822 1547 915 1595 μοι
939 1522 1013 1595 μὴ
1040 1532 1242 1579 θανεῖν
1267 1520 1409 1594 ὑπὲρ
1437 1524 1624 1594 σέθεν,

359 1607 471 1665 ἀλλ’
503 1608 682 1680 ἄνδρα
705 1632 765 1665 τε
788 1622 942 1680 σχεῖν
968 1614 1269 1665 Θεσσαλῶν
1293 1604 1360 1664 ὃν
1383 1606 1612 1680 ἤθελον,

357 1697 450 1750 καὶ
475 1700 632 1767 δῶμα
653 1700 837 1751 ναίειν
861 1692 1055 1766 ὄλβιον
1078 1698 1392 1764 τυραννίδι,

360 1778 463 1836 οὐκ
488 1778 737 1852 ἠθέλησα
760 1786 857 1852 ζῆν
882 1778 1306 1835 ἀποσπασθεῖσα
1329 1798 1431 1835 σου

359 1864 465 1921 σὺν
485 1868 676 1922 παισὶν
703 1863 1052 1937 ὀρφανοῖσιν·
1091 1863 1216 1920 οὐδ’
1247 1865 1571 1936 ἐφεισάμην,

359 1948 497 2023 ἥβης
522 1958 723 2022 ἔχουσα
747 1949 874 2022 δῶρ’
904 1953 964 2006 ἐν
990 1946 1071 2015 οἷς
1097 1950 1421 2022 ἐτερπόμην.

357 2043 538 2092 καίτοι
563 2034 615 2092 σ’
646 2035 674 2093 ὃ
703 2034 887 2107 φύσας
911 2033 977 2108 χὴ
1001 2042 1240 2092 τεκοῦσα
1265 2035 1604 2107 προύδοσαν,

358 2128 537 2188 καλῶς
563 2123 664 2193 μὲν
689 2119 878 2186 αὐτοῖς
909 2130 1214 2178 κατθανεῖν
1239 2112 1377 2191 ἧκον
1401 2125 1550 2191 βίου,

361 2214 542 2272 καλῶς
568 2208 629 2263 δὲ
654 2214 829 2263 σῶσαι
853 2212 1025 2263 παῖδα
1048 2204 1329 2271 κεύκλεῶς
1351 2214 1569 2261 θανεῖν.

358 2292 525 2362 μόνος
553 2292 656 2364 γὰρ
685 2290 874 2357 αὐτοῖς
898 2284 1066 2363 ἦσθα,
1092 2290 1281 2356 κοῦτις
1310 2293 1463 2356 ἐλπὶς
1490 2283 1561 2362 ἦν

358 2383 461 2433 σοῦ
486 2378 868 2442 κατθανόντος
891 2375 1029 2434 ἄλλα
1057 2377 1315 2449 φιτύσειν
1339 2378 1519 2431 τέκνα.

356 2460 508 2533 κάγώ
535 2461 583 2518 τ’
613 2460 683 2519 ἂν
712 2469 847 2530 ἔζων
870 2465 964 2518 καὶ
990 2462 1059 2519 σύ
1084 2461 1182 2519 τὸν
1208 2460 1404 2517 λοιπὸν
1428 2460 1651 2533 χρόνον,

357 2545 496 2603 κούκ
520 2543 589 2603 ἂν
613 2549 893 2620 μονωθεὶς
918 2554 1016 2619 σῆς
1040 2548 1315 2619 δάμαρτος
1339 2552 1550 2611 ἔστενες

356 2633 450 2688 καὶ
475 2637 675 2698 παῖδας
701 2629 1041 2703 ωρφάνευες.
1091 2630 1230 2688 ἀλλὰ
1255 2637 1426 2686 ταῦτα
1451 2632 1552 2702 μὲν

356 2722 512 2773 θεῶν
536 2741 617 2783 τις
640 2719 933 2788 ἐξέπραξεν
957 2715 1090 2774 ὥσθ’
1119 2713 1294 2781 οὕτως
1321 2722 1482 2787 ἔχειν.

360 2801 498 2858 εἶεν·
526 2802 597 2859 σὺ
620 2808 730 2858 νῦν
756 2824 850 2874 μοι
874 2801 1042 2859 τῶνδ’
1073 2800 1387 2874 ἀπόμνησαι
1411 2804 1597 2874 χάριν·

360 2887 652 2960 αἰτήσομαι
677 2885 782 2960 γάρ
809 2884 862 2942 σ’
891 2885 1051 2956 ἀξίαν
1075 2888 1178 2957 μὲν
1202 2882 1429 2942 οὔποτε·

1760 261 1845 306 270

1761 686 1844 731 275

1759 1197 1843 1242 280

1752 2878 1837 2944 300
