2022 3126
221 93 323 144 296

219 1088 339 1137 ΚΟ.

219 1174 344 1223 ΔΗ.

220 1259 338 1308 ΚΟ.

218 1344 345 1393 ΔΗ.

219 1430 339 1478 ΚΟ.

219 1515 345 1564 ΔΗ.

221 1600 340 1648 ΚΟ.

219 1771 339 1819 ΚΟ.

220 1856 346 1904 ΔΗ.

221 1942 340 1989 ΚΟ.

220 2026 346 2075 ΔΗ.

221 2112 340 2160 ΚΟ.

222 2197 348 2246 ΛΗ.

221 2283 340 2330 KO.

223 2367 349 2416 ΔΗ.

227 2453 341 2502 ΚΟ.

231 2538 348 2588 ΔΗ.

220 2623 340 2671 ΚΟ.

224 2708 349 2758 ΔΗ.

225 2794 340 2842 XO.

229 2878 344 2927 ΚΟ.

830 96 1277 144 ΗΡΑΚΛΕΙΔΑΙ

416 240 466 290 εἰ
488 233 594 306 γὰρ
623 234 852 306 παρήσω
877 235 1039 291 τόνδε
1062 242 1342 292 συλᾶσθαι
1366 242 1462 311 βίᾳ

412 321 571 386 ξένου
597 317 734 390 πρὸς
763 316 966 391 ἀνδρὸς
990 320 1207 392 βωμόν,
1235 319 1340 377 οὐκ
1364 323 1671 392 ἐλευθέραν

414 409 587 459 οἰκεῖν
613 403 831 475 δοκήσω
857 418 1042 477 γαῖαν,
1069 403 1335 477 Ἀργείοις
1360 404 1410 461 δ’
1441 406 1590 483 ὄκνῳ
1803 423 1886 466 245

415 490 594 553 ἱκέτας
619 494 953 561 προδοῦναι·
981 492 1074 545 καὶ
1097 488 1218 546 τάδ’
1249 489 1486 562 ἀγχόνης
1513 493 1694 558 πέλας.

413 571 525 628 ἀλλ’
556 571 767 644 ὤφελες
791 575 892 645 μὲν
918 573 1306 648 εὐτυχέστερος
1327 584 1545 647 μολεῖν·

412 656 556 728 ὅμως
583 660 644 714 δὲ
666 661 761 715 καὶ
784 666 891 715 νῦν
917 659 988 731 μὴ
1014 663 1208 733 τρέσῃς
1231 658 1378 726 ὅπως
1403 664 1468 717 σε’
1499 686 1580 727 τις

409 743 516 799 σῦν
541 746 696 799 παισὶ
720 752 912 816 βωμοῦ
937 743 1089 801 τοῦδ’
1121 743 1428 802 ἆποσπάσει
1452 753 1564 821 βίᾳ.

410 827 480 884 σῦ
506 833 539 883 δ
548 826 559 845 ’
582 827 785 901 ’Ἀργος
812 829 998 886 ἐλθών
1022 832 1195 886 ταῦτα
1227 829 1274 886 τ’
1304 829 1605 903 Εὐρυσθεῖ
1625 834 1856 904 φράσον,

410 913 547 985 πρὸς
572 918 759 970 τοῖσδέ
780 915 850 985 τ’,
880 924 1003 972 εἴτι
1026 914 1225 972 τοισίδ’
1257 919 1481 988 ἐγκαλεῖ
1501 919 1691 987 ξένοις,
1807 932 1882 974 251

411 1004 568 1070 δίκης
595 1000 884 1071 κυρήσειν·
904 1003 1107 1057 τούσδε
1130 999 1293 1057 δὀὐκ
1317 999 1460 1069 ἄξεις
1486 1004 1634 1057 ποτέ.

411 1081 536 1139 οὐδ’
564 1081 634 1156 ἢν
661 1090 879 1141 δίκαιον
904 1079 938 1159 ᾗ
961 1111 1013 1142 τι
1038 1089 1131 1142 καὶ
1154 1094 1291 1142 νικῶ
1318 1088 1497 1161 λόγφ;

407 1171 501 1224 καὶ
526 1175 641 1235 πῶς
669 1174 887 1226 δίκαιον
911 1171 1007 1227 τὸν
1035 1174 1219 1244 ἱκέτην
1244 1170 1401 1244 ἄγειν
1425 1179 1548 1245 βία;

412 1251 625 1310 οὔκουν
652 1257 771 1326 ἐμοὶ
795 1254 913 1312 τόδ’
943 1258 1199 1328 αἰσχρόν,
1227 1255 1366 1313 ἄλλα
1390 1260 1478 1313 σοὶ
1503 1258 1735 1329 βλάβος;
1804 1273 1888 1314 255

411 1343 536 1410 ἐμοί
556 1337 631 1411 γ’,
660 1341 756 1396 ε’άν
783 1359 871 1397 σοι
895 1340 1086 1398 τούσδ’
1117 1345 1454 1414 ἐφέλκεσθαι
1479 1349 1653 1413 μεθῶ.

411 1424 482 1479 σὺ
512 1423 564 1480 δ’
595 1426 822 1498 ἐξόριζε,
854 1420 973 1501 κᾷτ’
1005 1430 1226 1484 ἐκεῖθεν
1250 1425 1467 1499 ἄξομεν.

409 1509 599 1576 σκαιὸς
623 1513 877 1583 πέφυκας
901 1518 1000 1568 τοῦ
1025 1520 1167 1570 θεοῦ
1192 1520 1364 1569 πλείω
1391 1519 1636 1585 φρονῶν.

415 1593 592 1667 δεῦρ’,
623 1593 695 1662 ὡς
723 1603 895 1669 ἔοικε,
920 1611 1032 1664 τοῖς
1055 1612 1271 1655 κακοῖσι
1295 1600 1585 1672 φευκτέον.

414 1678 583 1736 ἅπασι
609 1681 801 1738 κοινὸν
827 1687 975 1755 ῥῦμα
1000 1685 1284 1756 δαιμόνων
1311 1688 1462 1757 ἕδρα.
1806 1699 1889 1743 260

412 1764 567 1821 ταῦτ’
596 1765 663 1823 οὐ
689 1769 913 1840 δοκήσει
938 1782 1049 1835 τοῖς
1073 1776 1429 1842 ΝΙυκηναίοις
1453 1778 1599 1834 ἴσως.

411 1849 621 1909 οὔκουν
645 1853 750 1925 ἐγώ
776 1860 888 1909 τῶν
913 1853 1109 1911 ἐνθάδ’
1140 1858 1249 1927 εἰμὶ
1275 1856 1495 1927 κύριος;

412 1937 672 2008 βλάπτων
696 1938 749 2010 γ’
781 1943 1030 2005 ἐκείνους
1051 1943 1252 2040 μηδέν,
1279 1937 1349 2012 ἦν
1372 1963 1425 1994 τι
1448 1945 1759 2012 σωφρονῇς.

413 2021 721 2093 βλάπτεσθ’
750 2027 886 2096 ἐμοῦ
910 2048 973 2097 γε
997 2023 1070 2096 μὴ
1094 2032 1411 2097 μιαίνοντος
1435 2024 1622 2089 θεούς.

415 2104 482 2162 οὐ
508 2105 787 2180 βούλομαί
807 2127 869 2165 σε
893 2110 1136 2181 πόλεμον
1162 2109 1430 2213 Ἀργείοις
1455 2116 1615 2181 ε’χειν.
1806 2125 1887 2168 265

411 2215 563 2265 καγω
589 2201 866 2260 τοιοῦτος·
901 2200 1079 2251 τῶνδε
1104 2194 1154 2252 δ’
1186 2194 1252 2252 οὐ
1278 2195 1606 2296 μεθήσομαι.

411 2275 518 2344 αξω
545 2302 609 2349 γε
631 2281 820 2351 μέντοι
844 2280 974 2346 τοῦς
1001 2281 1166 2352 ἐμοὺς
1191 2280 1296 2353 ἐγω
1333 2281 1536 2352 λαβών.

411 2361 514 2419 οὐκ
541 2363 632 2436 ἀρ’
663 2368 717 2430 ἐς
732 2363 935 2438 Ἀργος
960 2365 1209 2440 ρᾳδίως’
1188 2389 1292 2422 απε
1297 2392 1316 2423 ι
1340 2367 1523 2422 παλιν.

412 2471 754 2521 πειρωμενος
780 2450 847 2523 δὴ
875 2451 1041 2507 τοῦτό
1063 2449 1116 2524 γ’
1147 2450 1330 2507 αὐτίκ’
1361 2460 1589 2522 εἴσομαι.

413 2541 622 2590 κλαίων
647 2534 737 2605 ἄρ’
769 2534 898 2601 ἅψει
922 2542 1099 2593 τῶνδε
1128 2535 1268 2593 κούκ
1295 2541 1346 2602 ἐς
1374 2534 1630 2608 ἄμβολάς.
1807 2549 1887 2593 270

412 2619 485 2690 μὴ
511 2619 649 2690 πρὸς
672 2628 827 2677 θεῶν
851 2621 1069 2694 κήρυκα
1092 2623 1363 2695 τολμήσῃς
1387 2631 1597 2677 θενεῖν.

415 2709 465 2759 εἰ
485 2705 559 2777 μή
584 2703 638 2778 γ’
667 2703 694 2762 ὁ
719 2711 893 2779 κῆρυξ
921 2722 1236 2779 σωφρονεῖν
1259 2708 1582 2779 μαθήσεται.

414 2786 650 2846 ἄπελθε·
679 2794 771 2847 καὶ
796 2792 866 2848 σὺ
891 2797 1056 2849 τοῦδε
1079 2792 1151 2864 μὴ
1177 2799 1370 2865 θίγῃς,
1398 2791 1549 2859 ἄναξ.

414 2882 608 2947 στείχω
625 2895 635 2905 ·
661 2884 785 2948 μιᾶς
809 2876 913 2946 γὰρ
937 2877 1118 2950 χειρὸς
1143 2876 1387 2949 ἀσθενής
1408 2884 1567 2949 μάχη.
