2022 3126
210 107 292 147 DE
326 105 651 147 CODICIBVS
681 105 1034 146 EVRIPIDEIS
1064 106 1144 146 ET
1174 105 1568 148 EDITIONIBVS
1625 104 1774 147 XLIX

144 230 332 287 tollere,
370 245 468 278 non
506 231 707 277 miratus
745 244 850 276 sum
890 228 974 276 ubi
1013 229 1109 276 vidi
1149 229 1512 278 emendationes
1548 230 1772 279 indubias

144 310 329 350 temere
364 305 553 363 spretas
592 305 640 347 et
676 297 863 346 levibus
901 312 956 346 ac
982 312 1044 346 ne
1082 299 1318 362 speciosis
1356 299 1553 359 quidem
1590 302 1773 348 ratiun-

145 369 264 418 culis
298 371 603 431 impugnatas
642 367 702 415 ab
739 369 797 415 iis
834 368 1141 431 potissimum
1179 368 1263 429 qui
1302 367 1642 430 degustassent
1675 376 1774 417 tra-

144 441 277 502 gicos
326 443 519 500 poetas,
569 452 668 485 non
717 443 934 487 nossent.
1010 438 1166 500 magis
1211 436 1330 485 illud
1378 438 1556 485 mirum
1602 439 1777 486 accidit

143 507 270 571 quod
322 509 588 554 extiterunt
635 508 741 569 qui,
791 522 900 555 cum
947 506 1166 555 refutare
1212 521 1289 555 me
1335 514 1658 561 conarentur,
1706 507 1775 556 le·

143 576 298 640 genda
338 591 461 639 quae
500 589 589 637 ego
629 578 936 639 scripsissem
976 575 1072 624 sibi
1104 591 1203 624 non
1241 581 1471 639 putarent
1486 572 1561 639 9⁹).

247 645 460 708 Operam
512 645 624 692 dedi
670 652 724 694 ut
768 645 1071 708 singularum
1121 645 1516 694 emendationum
1567 651 1615 694 et
1661 661 1775 694 con-

141 717 436 764 iecturarum
475 723 701 763 auctores
739 716 1064 778 explorarem.
1124 716 1209 763 sed
1247 724 1343 763 tam
1382 722 1543 764 vastus
1590 722 1664 764 est
1700 714 1776 762 lit-

143 794 357 833 terarum
405 791 684 833 nostrarum
732 785 944 834 ambitus
992 800 1047 833 ac
1093 790 1224 832 tanta
1283 783 1531 833 alacritate
1580 784 1779 847 plurimi

141 855 366 903 homines
404 855 531 902 docti
569 861 616 902 et
661 854 847 904 indocti
894 854 1255 917 tragoediarum
1295 856 1591 903 Graecarum
1632 855 1778 902 crisin

142 919 394 980 exercent,
444 930 497 971 ut
535 939 730 973 errores
768 926 966 973 omnino
1013 939 1183 972 cavere
1222 940 1280 972 eo
1328 926 1377 971 in
1416 937 1598 986 genere
1635 939 1778 972 nemo

141 995 307 1057 possit.
382 993 559 1058 quodsi
605 994 719 1042 Tro.
756 996 854 1042 271
903 993 1176 1057 palmarem
1222 993 1613 1042 emendationem
1662 998 1777 1056 χαλ-

140 1062 458 1126 κεομήστορος
508 1065 558 1112 in
607 1062 798 1112 fabulae
847 1063 991 1112 huius
1043 1064 1260 1112 editione
1300 1063 1697 1125 Cantabrigiensi
1735 1079 1776 1114 a.

143 1136 276 1182 1807
316 1147 341 1180 a
381 1133 436 1182 G.
474 1132 714 1195 Burgesio
752 1134 928 1182 factam
978 1148 1084 1182 esse
1124 1149 1207 1182 eos
1245 1135 1329 1195 qui
1366 1139 1535 1197 postea
1574 1132 1778 1196 Euripi-

142 1203 251 1251 dem
290 1203 551 1251 ediderunt
588 1218 759 1252 omnes
795 1204 944 1265 sugit,
984 1203 1175 1252 confido
1214 1217 1394 1267 aequos
1430 1203 1621 1252 iudices
1657 1203 1777 1251 mihi

140 1275 330 1321 veniam
368 1287 476 1321 esse
515 1273 738 1330 datur08‚
778 1272 863 1321 ubi
900 1289 999 1323 non
1049 1288 1161 1321 eum
1199 1288 1345 1338 quem
1384 1272 1622 1321 debebam
1661 1287 1776 1321 con-

251 1451 322 1503 99)
354 1453 423 1492 De
453 1452 623 1493 Phoen.
648 1453 727 1494 175
750 1464 865 1505 quae
896 1451 945 1491 in
967 1452 1165 1504 Euripid.
1192 1451 1310 1492 stud.
1336 1453 1357 1492 I
1387 1465 1430 1505 p.
1455 1455 1508 1493 70
1530 1452 1653 1492 dicta
1675 1456 1779 1493 sunt

142 1509 180 1548 si
220 1509 511 1560 cognovisset
539 1508 772 1560 Hauptius
805 1512 1049 1559 antequam
1079 1508 1302 1548 scriberet
1342 1521 1458 1560 quae
1495 1509 1543 1547 in
1580 1509 1777 1549 Hermae

141 1563 232 1608 vol,
265 1566 288 1603 1
319 1577 363 1615 p.
395 1565 447 1603 26
485 1575 551 1615 sq.
591 1563 821 1616 leguntur,
865 1569 943 1603 aut
980 1564 1072 1603 alia
1112 1563 1378 1616 protulisset
1415 1568 1683 1616 argumenta
1722 1565 1779 1604 ad

141 1632 286 1659 meam
308 1619 587 1659 sententiam
610 1620 904 1660 evertendam
926 1623 1023 1670 aut,
1048 1619 1165 1671 quod
1189 1632 1272 1671 ego
1295 1619 1474 1671 quidem
1496 1619 1777 1672 probabilius

143 1675 349 1723 arbitror,
375 1687 485 1715 suae
509 1674 839 1715 existimationi
869 1687 1065 1727 parcens
1095 1675 1332 1715 tacuisset.
1384 1688 1506 1715 nunc
1526 1676 1634 1715 novi
1663 1676 1778 1716 nihil

142 1729 274 1771 affert
289 1735 474 1782 praeter
491 1743 666 1771 errores
683 1734 729 1770 et
749 1729 965 1771 convicia.
998 1730 1116 1770 solet
1135 1735 1287 1771 autem
1305 1743 1429 1770 meos
1446 1730 1776 1783 multorumque

141 1786 280 1826 libros
310 1787 542 1838 Hauptius
571 1785 641 1825 ita
669 1786 836 1838 legere,
867 1789 918 1825 ut
940 1798 995 1826 ea
1017 1799 1135 1838 quae
1158 1786 1467 1838 vituperanda
1489 1787 1668 1826 duxerit
1688 1800 1777 1826 me·

140 1841 324 1881 moriter
351 1845 531 1881 teneat:
562 1843 919 1894 quotiescunque
941 1854 1114 1882 mecum
1137 1843 1381 1888 consentit,
1410 1842 1592 1882 laborat
1621 1843 1777 1883 nescio

140 1910 230 1949 quo
268 1901 402 1949 pacto
441 1897 558 1937 mira
597 1899 837 1938 memoriae
875 1896 1156 1939 infirmitate.
1216 1898 1375 1961 itaque
1408 1910 1508 1938 cum
1546 1898 1594 1937 in
1627 1897 1775 1938 Schol.

141 1952 279 1993 Clem.
300 1953 426 1993 Alex.
460 1947 670 2004 Φλεγύου
701 1967 781 2005 pro
804 1950 922 2006 φησὶ
955 1949 1172 2006 λέγουσιν
1195 1944 1344 2000 οὕτως
1368 1953 1579 1994 emendat
1600 1950 1774 2018 (Herm.

139 2009 228 2049 vol.
261 2011 283 2048 1
314 2022 356 2072 p.
378 2006 478 2061 399)
510 2007 586 2049 vel
615 2009 664 2049 in
695 2009 839 2049 Schol.
859 2009 1033 2062 Vergil.
1067 2003 1235 2062 κωφὸν
1255 2002 1508 2060 πρόσωπον
1538 2022 1619 2062 pro
1643 2005 1777 2061 ἰοφό·

141 2077 224 2114 ρον
252 2058 502 2115 πρόσωπον
530 2065 720 2116 requirit
743 2065 911 2115 (Herm.
933 2065 1023 2105 vol.
1047 2068 1072 2106 5
1093 2079 1137 2118 p.
1162 2062 1278 2118 179),
1311 2066 1493 2117 ignorat
1514 2066 1632 2105 istas
1652 2078 1777 2105 meas

140 2133 239 2161 esse
279 2120 621 2161 emendationes
661 2120 719 2171 (v.
750 2121 981 2173 Aristoph.
1021 2122 1131 2173 Byz.
1171 2134 1213 2173 p.
1246 2122 1300 2161 60
1341 2126 1387 2161 et
1428 2121 1634 2164 Zeitselzr
1663 2122 1699 2172 f.
1733 2123 1776 2162 d.

141 2177 346 2216 Altertlz.-
359 2176 489 2217 Wiss.
522 2177 629 2217 1855
660 2189 704 2227 p.
728 2175 842 2228 273).
903 2177 1023 2217 idem
1055 2177 1111 2217 de
1144 2176 1290 2217 Schol.
1323 2177 1442 2218 Stat.
1465 2176 1610 2217 Theb.
1633 2178 1674 2226 5,
1698 2178 1777 2217 163

141 2232 188 2273 et
223 2231 277 2271 de
315 2230 532 2272 Cercidae
571 2232 800 2273 mentione
840 2232 1039 2284 quadam
1076 2233 1125 2272 in
1162 2232 1315 2273 Herm.
1346 2232 1433 2273 vol.
1463 2235 1491 2272 4
1529 2246 1574 2285 p.
1605 2232 1688 2274 338
1731 2236 1778 2272 et

138 2287 233 2330 vol.
268 2288 293 2328 5
324 2300 366 2340 p.
399 2289 478 2328 183
509 2299 574 2339 sq.
607 2288 672 2327 ita
705 2288 909 2340 disputat
939 2292 989 2328 ut
1026 2288 1241 2329 videatur
1269 2301 1360 2328 non
1399 2288 1568 2340 legisse
1601 2300 1716 2340 quae
1750 2301 1778 2326 a

139 2355 210 2383 me
240 2343 290 2382 in
319 2344 424 2383 Eur.
461 2343 620 2395 fragm.
659 2356 702 2396 p.
735 2345 799 2384 VI
831 2356 896 2396 sq.
931 2348 976 2384 et
1005 2344 1192 2385 Bulletin
1231 2346 1282 2384 de
1319 2344 1490 2384 l’Acad.
1532 2346 1607 2384 des
1635 2356 1692 2387 sc.
1725 2345 1778 2383 de

140 2397 203 2438 St.
235 2399 518 2449 Petersboury
548 2399 637 2439 XII
668 2412 712 2451 p.
734 2400 976 2440 520—523
1009 2400 1104 2440 sive
1136 2400 1361 2452 Melanyes
1394 2400 1685 2441 Gre'eo-Rom.
1708 2399 1779 2440 III

137 2468 180 2505 p.
204 2454 368 2495 65-68
390 2455 440 2494 di
453 2460 526 2494 cta
550 2460 693 2495 erant.
726 2456 965 2496 verborum
995 2455 1246 2506 licentiam,
1278 2468 1367 2508 qua
1397 2456 1446 2495 in
1475 2468 1544 2495 me
1575 2454 1778 2495 abutitur

136 2510 384 2562 Hauptius‚
405 2510 528 2552 haud
550 2514 742 2562 gravate
765 2511 878 2562 fero,
903 2524 1002 2551 cum
1026 2511 1142 2551 nihil
1165 2511 1312 2551 adhuc
1335 2511 1445 2551 mihi
1465 2512 1579 2551 vitio
1600 2509 1798 2550 dederit.

139 2565 259 2617 quod
291 2566 517 2606 excidisse
541 2566 651 2606 mihi
682 2567 865 2611 nollem,
916 2568 1016 2619 ipse
1041 2567 1186 2608 nollet
1216 2566 1414 2607 fortasse
1438 2567 1528 2607 sibi
1549 2566 1776 2606 excidisse

139 2620 245 2661 duos
275 2622 539 2672 versiculos,
579 2623 743 2673 quibus
773 2623 1033 2663 Phaedrum
1066 2635 1212 2674 nuper
1244 2623 1413 2664 ditavit
1444 2622 1615 2673 (Herm.
1639 2621 1727 2661 vol.
1750 2622 1774 2659 2

139 2688 180 2727 p.
209 2678 235 2717 '1
257 2676 361 2731 sq.),
395 2680 597 2730 exemplis
629 2680 869 2718 continetur
897 2679 1071 2730 apoloyi
1097 2692 1228 2730 genu-s·
1259 2684 1306 2719 et
1334 2680 1606 2718 iucunditatis
1634 2689 1776 2716 ansam

137 2736 329 2783 repperit
364 2733 519 2773 Venus.
575 2737 699 2774 certe
730 2738 925 2785 utroque
956 2734 1004 2774 in
1034 2746 1171 2773 versu
1191 2735 1403 2775 vitiosum
1433 2732 1589 2773 intulit
1620 2733 1775 2784 quinto

138 2787 243 2837 pedi
264 2788 478 2831 iambum.
520 2790 695 2841 siquem
719 2790 856 2829 alium
875 2789 1113 2842 Hauptius
1133 2789 1326 2830 vidisset
1347 2789 1516 2830 similia
1538 2787 1774 2826 admisisse

139 2842 275 2892 vitia,
315 2849 486 2894 quanto
516 2844 649 2884 hiatu
690 2845 999 2897 increpuisset
1032 2845 1314 2885 “libidinem
1347 2849 1474 2885 extra
1505 2842 1773 2894 disciplinae

139 2896 250 2937 fines
278 2902 447 2938 temere
481 2902 839 2952 evagantem”?

219 2969 370 3003 avan).
395 2969 501 3003 vor.
528 2971 543 3003 1
1495 2971 1526 3015 d
