2022 3126
737 95 1164 143 ΙΙΙΠΟΛΤΤΟΣ
1671 93 1773 145 459

314 237 379 291 ἰώ
409 259 527 305 μοι,
563 241 616 290 τί
639 242 756 305 φῶς

312 325 426 386 πῶς
449 318 737 386 ἀπαλλάξω
762 318 952 390 βιοτὰν
1663 333 1772 376 1385

311 403 480 475 [ἐμὰν]
505 401 661 459 τοῦδ’
690 401 1001 475 άναλγήτου
1026 403 1275 470 πάθους;

312 497 433 544 εἴθε
456 511 522 559 με
544 493 810 559 κοιμίσειε
834 487 933 543 τὸν
959 485 1287 558 δυσδαίμον’

296 570 490 628 ’Ἀιδου
514 575 745 644 μέλαινα
769 571 1032 643 νύκτερός
1055 568 1104 626 τ’
1133 569 1361 643 ἀνάγκα.

122 663 232 714 ΑΡ.
313 650 357 711 ὦ
381 662 616 728 τλῆμον,
645 661 785 721 οἵαις
815 667 1127 725 συμφοραῖς
1155 655 1457 725 συνεζύγης
1476 679 1486 688 ·

113 738 116 740 ’
310 739 370 796 τὸ
397 738 449 796 δ’
480 738 701 812 εὐγενές
725 759 788 797 σε
811 747 922 796 τῶν
949 746 1174 812 φρενῶν
1198 738 1499 797 ἀπώλεσεν.
1667 755 1776 799 1390

123 831 220 881 ΙΠ.
312 832 372 881 ἔα
388 843 399 854 ·

312 903 356 965 ὦ
379 919 540 965 θεῖον
565 907 735 980 ὀδμῆς
759 915 1002 981 πνεῦμα·
1029 911 1121 964 καὶ
1143 908 1250 980 γὰρ
1279 913 1338 965 ἐν
1361 923 1551 976 κακοῖς

310 990 389 1050 ὧν
411 992 667 1067 ᾐσθόμην
693 1011 797 1049 σου
821 991 1279 1065 κάνεκουφίσθην
1305 996 1496 1064 δέμας·

313 1076 423 1135 ἔστ’
452 1082 511 1134 ἐν
534 1078 749 1134 τόποισι
771 1075 1236 1149 τοισίδ”Ἀρτεμις
1259 1078 1395 1154 θεάς

119 1170 230 1219 ΑΡ.
312 1155 357 1219 c3
379 1169 610 1234 τλῆμον,
638 1168 750 1218 ἔστι
766 1205 780 1233 ,
807 1169 899 1219 σοί
917 1185 980 1233 γε
1005 1163 1234 1234 φιλτάτη
1259 1168 1428 1218 θεῶν.

120 1254 221 1302 ΙΠ.
310 1246 443 1321 ὁρᾷς
468 1270 561 1319 με,
592 1244 860 1318 δέσποιν’,
887 1244 958 1312 ὡς
984 1253 1114 1318 ἔχω,
1139 1245 1237 1302 τὸν
1261 1245 1489 1314 ἅθλιονς
1668 1262 1774 1305 1395

119 1339 229 1386 ΑΡ.
310 1330 449 1401 ὁρῶ·
477 1329 598 1387 κατ’
628 1329 809 1387 ὅσσων
832 1329 884 1387 δ’
917 1329 983 1388 οὐ
1007 1333 1169 1402 θέμις
1192 1338 1383 1403 βαλεῖν
1408 1332 1604 1405 δάκρυ.

119 1423 218 1471 ΙΠ.
310 1414 411 1472 οὐκ
438 1422 551 1472 ἔστι
574 1433 660 1471 σοι
685 1414 925 1488 κυναγὸς
950 1414 1076 1472 οὐδ’
1104 1413 1394 1488 ὑπηρέτης,

130 1508 229 1555 ΑΡ.
308 1498 375 1557 οὐ
403 1499 524 1572 δῆτ’
545 1520 556 1530 ·
583 1498 716 1573 άτάρ
742 1525 833 1573 μοι
861 1501 1166 1572 προσφιλής
1190 1498 1242 1572 γ’
1272 1499 1593 1557 ἀπόλλυσαι.

117 1592 218 1641 ΙΠ.
311 1582 435 1641 οὐδ’
466 1585 785 1657 ίππονώμας
810 1583 934 1642 οὐδ’
967 1584 1295 1657 ἀγαλμάτων
1319 1586 1514 1656 φύλαξ.

118 1676 228 1725 ΑΡ.
307 1670 527 1741 Κύπρις
555 1668 659 1742 γὰρ
682 1668 715 1741 ἡ
740 1676 1054 1742 πανοῦργος
1080 1664 1179 1726 οἷδ’
1209 1671 1455 1742 ἐμήσατο.
1666 1684 1775 1727 1400

122 1761 219 1809 ΙΠ.
312 1752 472 1825 ὤμοι·
500 1761 692 1825 φρονῶ
719 1754 786 1826 δὴ
812 1752 1030 1826 δαίμον’
1058 1753 1094 1826 ἢ
1118 1752 1174 1826 μ’
1203 1753 1468 1811 ἀπώλεσε.

117 1846 228 1894 ΑΡ.
308 1845 462 1910 τιμῆς
487 1842 768 1912 ἐμέμφθη,
796 1846 1183 1912 σωφρονοῦντι
1211 1838 1263 1895 δ’
1293 1838 1511 1911 ἤχθετο.

118 1931 216 1978 ΙΠ.
305 1937 450 1996 τρεῖς
473 1921 634 1989 ὄντας
658 1921 796 1996 ἡμᾶς
821 1921 1002 1995 ὤλεσ’,
1028 1922 1302 1998 ᾔσθημαι,
1325 1927 1559 1995 Κύπρις.

118 2015 226 2063 ΑΡ.
310 2010 516 2080 πατέρα
535 2031 597 2079 γε
621 2011 714 2064 καὶ
738 2009 798 2064 σὲ
821 2011 913 2065 καὶ
935 2015 1126 2081 τρίτην
1149 2009 1439 2081 ξυνάορον.

119 2099 218 2147 ΙΠ.
311 2089 506 2168 ᾤμωξα
529 2099 723 2150 τοίνυν
746 2096 839 2149 καὶ
863 2093 1065 2164 πατρὸς
1090 2097 1442 2167 δυσπραξίας.
1666 2106 1776 2150 1405

125 2184 229 2231 ΑΡ.
310 2177 622 2249 ἐξηπατήθη
647 2183 904 2248 δαίμονος
928 2179 1319 2250 βουλεύμασιν.

127 2268 221 2316 [Π.
313 2254 356 2316 ὦ
383 2262 654 2326 δυστάλας
677 2261 746 2317 σὺ
774 2267 940 2333 τῆσδε
963 2268 1280 2335 συμφορᾶς,
1307 2262 1493 2335 πάτερ.

122 2352 240 2400 ΘΗ.
309 2343 516 2416 ὄλωλα,
543 2349 762 2416 τέκνον,
791 2343 929 2402 οὐδέ
948 2370 1039 2417 μοι
1063 2347 1218 2418 χάρις
1243 2352 1388 2418 βίου.

124 2438 220 2485 ΙΠ.
301 2433 473 2486 στένω
498 2430 558 2485 σε
582 2436 789 2501 μᾶλλον
811 2427 845 2502 ἢ
867 2429 952 2502 ’μὲ
977 2438 1070 2501 τῆς
1095 2429 1374 2502 ἁμαρτίας.

125 2521 241 2569 ΘΗ.
312 2520 362 2570 εἰ
386 2514 489 2586 γὰρ
516 2520 805 2586 γενοίμην,
832 2518 1053 2586 τέκνον,
1081 2513 1204 2571 ἀντὶ
1227 2522 1330 2571 σοῦ
1357 2515 1567 2587 νεκρός.
1667 2529 1775 2572 1410

125 2606 220 2654 ΙΠ.
312 2622 352 2653 ω
379 2604 531 2670 δῶρα
556 2598 759 2668 πατρὸς
782 2606 884 2655 σοῦ
907 2605 1258 2665 Ποσειδωνος
1283 2600 1466 2671 πικρά.

121 2690 240 2739 ΘΗ.
310 2706 380 2748 ως
405 2682 601 2754 μήποτ’
633 2687 821 2740 ἐλθεῖν
847 2681 1022 2787 ὤφελ’
1053 2690 1128 2750 είς
1151 2682 1358 2756 τουμὸν
1388 2682 1575 2756 στόμα.

121 2775 219 2822 ΙΠ.
308 2774 364 2823 τί
383 2766 467 2823 δ’·
455 2770 713 2835 ,ἔκτανές
737 2766 838 2824 τάν
862 2766 918 2871 μ’
926 2812 941 2840 ,
968 2792 1038 2834 ως
1061 2766 1175 2825 τότ’
1205 2762 1337 2840 ἦσθ’
1369 2788 1703 2841 ωργισμενος

121 2859 236 2907 ΘΗ.
306 2840 466 2924 δόξης
490 2851 594 2924 γὰρ
622 2854 760 2924 ἡμεν
785 2853 920 2924 πρὸς
942 2859 1095 2909 θεων
1124 2855 1470 2925 ἐσφαλμένοι.
