2022 3126
205 102 310 155 254
872 103 1202 149 HAEKTPA

401 241 676 316 δεξώμεθ’
707 251 878 299 οἴκων
901 242 1253 308 καταλύσεις·
1283 255 1487 314 χωρεῖν
1512 241 1708 315 χρεῶν,

401 335 609 402 δμῶες,
636 328 825 399 δόμων
847 325 1017 384 τῶνδ’
1047 327 1216 392 ἐντός
1244 325 1318 393 ῶς
1343 329 1464 399 ἐμοὶ
1487 329 1657 400 πένης

401 423 485 486 εἴη
513 414 805 486 πρόθυμος
830 419 1104 469 πλουσίου
1129 419 1341 484 μᾶλλον
1367 414 1537 480 ξένος.
1794 427 1877 472 395

399 505 540 556 αἰνῶ
566 500 668 570 μὲν
692 498 797 554 οὐν
823 495 982 553 τοῦδ’
1013 495 1217 569 ἀνδρὸς
1243 495 1494 568 είσδοχας
1523 494 1739 568 δόμων·

399 584 712 656 ἐβουλόμην
737 582 790 638 δ’
823 580 919 653 άν,
947 588 998 638 εἰ
1021 583 1350 654 κασίγνητός
1374 605 1441 654 με
1465 581 1560 647 σὸς

400 676 477 735 εἰς
502 666 872 739 εὐτυχοῦντας
896 661 1031 740 ἦγεν
1058 665 1309 740 εὐτυχῶν
1336 667 1558 739 δόμους.

397 763 528 820 ἴσως
553 751 606 810 δ’
635 777 705 809 αν
730 759 914 809 ἔλθοι·
940 756 1147 819 Λοξίου
1172 777 1276 826 γαρ
1304 758 1533 824 εμπεδοι

398 845 663 913 χρησμοί,
689 845 908 911 βροτῶν
934 840 994 894 δὲ
1018 838 1292 910 μαντικὴν
1315 844 1529 910 χαίρειν
1554 842 1641 894 ἐῶ.
1794 853 1877 894 400

211 933 326 984 XO.
393 931 503 981 νῦν
528 922 563 996 ἢ
586 925 863 996 πάροιθεν
886 931 1124 996 μᾶλλον,
1146 922 1437 996 Ἠλέκτρα,
1464 930 1606 998 χαρᾷ

399 1010 860 1083 θερμαινόμεσθα
885 1014 1124 1082 καρδίαν
1141 1029 1151 1038 ·
1187 1019 1317 1074 ἴσως
1342 1007 1447 1081 γὰρ
1476 1006 1545 1064 ἂν

400 1096 555 1168 μόλις
583 1091 953 1168 προβαίνουσ’
988 1092 1020 1165 ἡ
1049 1094 1182 1167 τύχη
1209 1101 1366 1166 σταίη
1393 1100 1589 1160 καλῶς.

211 1189 332 1239 ΗΛ.
403 1174 447 1237 ῶ
471 1187 703 1252 τλῆμον,
734 1178 895 1244 εἰδῶς
921 1180 1192 1250 δωμάτων
1218 1187 1411 1252 χρείαν
1436 1182 1606 1236 σέθεν

399 1273 457 1322 τί
481 1263 673 1322 τούσδ’
706 1267 870 1331 ἐδέξω
895 1270 1145 1336 μείζονας
1169 1271 1376 1321 σαυτοῦ
1402 1267 1624 1332 ξένουςς
1796 1280 1880 1321 405

210 1361 326 1410 ΛΤ.
397 1358 455 1407 τί
480 1349 568 1419 δ’;
600 1359 752 1421 εἴπερ
782 1351 923 1405 εἰσὶν
950 1346 1022 1415 ῶς
1047 1354 1314 1405 δοκοῦσιν
1340 1348 1603 1420 εὐγενεῖς,

403 1435 506 1493 οῦκ
532 1443 593 1492 ἐν
617 1459 674 1492 τε
700 1448 915 1507 μικροῖς
940 1440 1000 1490 ἐν
1024 1458 1082 1490 τε
1107 1433 1180 1506 μὴ
1207 1432 1495 1508 στέρξουσ’
1526 1432 1699 1506 ὁμῶς;

213 1531 333 1580 ΗΛ.
402 1526 525 1578 ἐπεί
549 1545 656 1577 νυν
681 1521 973 1593 ἐξήμαρτες
998 1523 1057 1576 ἐν
1083 1534 1397 1593 σμικροῖσιν
1423 1517 1520 1591 ῶν,

405 1605 527 1664 ἔλθ’
559 1604 631 1672 ῶς
659 1604 897 1662 παλαιὸν
920 1605 1132 1677 τροφὸν
1158 1608 1296 1677 ἐμοῦ
1317 1612 1486 1676 φίλον
1513 1605 1741 1677 πατρός·

403 1691 463 1758 ὃς
488 1691 631 1764 ἀμφὶ
655 1694 902 1763 ποταμὸν
935 1692 1150 1748 Τάναον
1170 1689 1418 1763 Ἀργείας
1441 1686 1608 1763 ὅρους
1800 1705 1883 1746 410

403 1780 671 1849 τέμνοντα
696 1784 855 1849 γαίας
880 1777 1287 1848 Σπαρτιάτιδός
1311 1800 1369 1832 τε
1392 1783 1493 1848 γῆς

404 1870 661 1935 ποίμναις
686 1860 916 1934 ὁμαρτεῖ
947 1864 1142 1927 πόλεος
1167 1864 1591 1934 ἐκβεβλημένος·

407 1956 602 2004 κελευε
627 1953 660 2003 δ
666 1945 678 1965 ’
715 1946 889 2003 αὐτὸν
914 1953 989 2013 εἰς
1015 1949 1221 2019 δόμους
1246 1946 1554 2019 ἀφιγμένον

409 2037 600 2089 ἐλθεῖν
624 2035 798 2099 ξένων
822 2030 870 2087 τ’
901 2039 977 2098 εἰς
1003 2038 1161 2088 δαῖτα
1187 2037 1470 2103 πορσῦναί
1488 2054 1628 2086 τινα.

405 2117 718 2190 ἡσθήσεταί
743 2141 826 2174 τοι
851 2120 944 2173 καὶ
969 2117 1325 2189 προσεύξεται
1349 2126 1521 2186 θεοῖς,
1802 2129 1882 2170 415

408 2201 565 2272 ζῶντ’
599 2203 925 2267 εἰσακούσας
949 2199 1105 2258 παῖδ’
1137 2199 1201 2258 ὂν
1227 2202 1447 2270 ἐκσῶζει
1473 2202 1622 2256 ποτέ.

407 2287 474 2345 οῦ
501 2287 604 2361 γὰρ
632 2287 905 2364 πατρῴων
931 2290 989 2343 ἐκ
1015 2287 1201 2358 δόμων
1225 2287 1428 2360 μητρὸς
1454 2286 1600 2357 πάρα

407 2374 671 2446 λάβοιμεν
696 2371 765 2428 ἄν
788 2391 865 2429 τι·
897 2370 1066 2444 πικρὰ
1091 2370 1142 2427 δ’
1180 2370 1535 2444 ἀγγείλαιμεν
1560 2368 1647 2432 ἄν,

411 2465 461 2514 εἰ
483 2458 641 2528 ζῶντ’
669 2457 930 2530 Ὀρέστην
954 2455 986 2529 ἡ
1013 2456 1231 2513 τάλαιν’
1261 2454 1502 2513 αἴσθοιτ’
1534 2462 1628 2511 ἔτι.

227 2554 322 2602 ΛΥ
407 2541 526 2599 ἄλλ’
559 2550 609 2600 εἰ
631 2550 790 2600 δοκεῖ
809 2563 924 2613 σοι,
956 2540 1145 2599 τούσδ’
1176 2541 1469 2615 ἀπαγγελῶ
1495 2541 1694 2612 λόγους
1801 2553 1883 2595 420

408 2632 655 2701 γέροντι·
682 2629 847 2700 χῶρει
883 2627 938 2684 δ’
969 2634 1044 2693 είς
1071 2628 1272 2698 δόμους
1297 2625 1427 2684 ὅσον
1448 2626 1606 2696 τάχος

411 2716 503 2769 καὶ
527 2712 732 2769 τᾶνδον
765 2714 1008 2786 ἐξάρτυε.
1038 2714 1213 2767 πολλά
1239 2736 1321 2768 τοι
1345 2711 1488 2784 γυνὴ

407 2797 661 2870 χρῄζουσ’
693 2796 762 2854 ἂν
788 2796 944 2870 εὕροι
969 2799 1115 2854 δαιτὶ
1138 2797 1589 2870 προσφορήματα.

414 2889 563 2939 ἔστιν
590 2885 650 2940 δὲ
675 2883 742 2954 δὴ
769 2883 1008 2939 τοσαῦτά
1032 2880 1084 2953 γ’
1116 2886 1173 2937 ἐν
1200 2883 1389 2954 δόμοις
1413 2890 1509 2950 ἔτι,
