2022 3126
658 101 742 143 DE
771 99 1077 142 EVRIPIDIS
1106 99 1249 141 VITA
1657 95 1766 138 XXI

144 233 196 279 in
234 228 338 279 aula
379 241 489 276 cum
515 225 765 288 Agathone
802 226 1136 274 suavissimam
1174 219 1576 273 consuetudinem
1613 221 1768 272 habu-·

145 303 240 349 isse
278 291 594 360 proditur28).
649 294 832 342 ibidem
871 294 998 342 diem
1038 307 1320 356 supremum
1357 291 1478 341 obiit
1514 307 1640 340 anno
1666 294 1767 343 406

146 385 187 419 a.
215 366 327 418 Chr.
355 381 404 414 n.
434 366 534 414 sive
572 364 749 428 olymp.
776 366 856 417 93,
886 366 915 413 3
956 377 1134 412 annum
1173 375 1322 424 agens
1359 364 1769 425 septuagesimum

146 432 458 499 quintum29).
533 432 592 482 de
637 440 794 481 morte
842 433 945 481 eius
991 430 1185 480 fabulae
1234 437 1398 479 extant
1442 431 1676 479 mirificae
1721 437 1771 480 et

143 509 274 554 inter
312 519 364 553 se
402 504 759 568 discrepantes:
798 502 883 550 sed
921 502 1143 566 plerique
1180 515 1205 548 a
1245 499 1448 549 canibus
1474 500 1770 563 discerptum

144 590 251 624 esse
288 574 510 623 referunt
524 570 610 638 30),
659 586 784 637 quae
822 571 984 620 fabula
1022 572 1268 619 nescimus
1305 578 1470 619 utrum
1507 584 1534 618 a
1572 570 1772 618 comicis

146 719 414 779 ἐπιχαίρειν
444 719 561 779 πρὸς
588 721 832 778 Ἀρχέλαον
864 717 1116 765 οἷπελθεῖν.
1176 722 1338 775 olymp.
1369 723 1502 772 92,1,
1535 734 1622 774 quo
1654 733 1772 760 anno

144 781 478 834 Aristophanes
523 780 747 833 Thesmop
750 780 1018 821 horiazusas
1063 778 1228 828 edidit,
1274 777 1538 829 Euripidem
1583 776 1774 816 Athenis

148 839 286 878 etiam
306 842 401 877 tum
424 836 565 876 fuisse
597 836 764 888 liquet:
794 837 904 876 item
934 834 1129 875 fortasse
1153 833 1420 899 olympiadis
1440 832 1638 873 eiusdem
1659 843 1775 872 anno

148 897 328 945 quarto,
361 892 579 933 archonte
609 891 785 939 Diocle,
819 885 902 944 ἐφ’
933 881 990 932 οὗ
1022 887 1105 931 τὸν
1130 882 1353 942 Ὀρέστην
1383 882 1579 939 ἐδίδαξε
1603 887 1774 938 (Schol.

146 950 252 989 Eur.
286 947 362 990 Or.
392 945 511 1001 361)
571 953 774 988 mortuus
820 953 972 988 autem
1018 952 1088 988 est
1132 945 1376 998 Euripides
1415 943 1578 997 olymp
1610 946 1686 995 93,
1726 946 1775 984 3:

148 1004 209 1045 cf.
239 1007 333 1044 not.
364 1005 431 1044 29.

259 1057 337 1110 28)
368 1058 586 1099 Aelianus
617 1059 671 1098 V.
700 1059 760 1099 Η.
793 1060 865 1109 13,
896 1059 947 1097 4:
981 1050 1222 1110 Ἀρχὲλαος
1251 1048 1275 1096 ὁ
1316 1050 1536 1106 βασιλεῦς
1567 1047 1777 1096 ἑστίασιν

149 1106 469 1176 παρεσκεύασε
498 1112 732 1180 πολυτελῆ
762 1116 877 1177 τοῖς
892 1105 1110 1176 ἕταιᾝροις
1156 1106 1407 1176 προϊόντος
1439 1107 1493 1152 δὲ
1516 1109 1599 1151 τοῦ
1631 1103 1778 1150 πότου

149 1164 402 1240 ζωρότερον
423 1184 544 1211 πιων
566 1164 832 1236 Εὖριπίδῃς
853 1161 1053 1233 υπήχθη
1075 1181 1171 1215 πως
1194 1160 1300 1207 κατ’
1323 1159 1483 1220 ὀλίγον
1506 1162 1574 1214 εἰς
1604 1163 1777 1218 μέθην.

152 1221 254 1267 εἶτα
283 1221 603 1288 συγκλιθέντα
636 1239 759 1280 αυτῳ
796 1220 1032 1286 Αγοῖθωνα
1063 1217 1146 1265 τὸν
1177 1223 1261 1286 τῆς
1291 1221 1560 1287 τραγῳδίας
1576 1219 1779 1274 ποιητὴν

149 1275 417 1349 περιλαβών
453 1280 700 1347 κατεφίλει
729 1293 1082 1349 τεσσαρακοντοι
1114 1273 1229 1320 ἒτῶν
1259 1291 1351 1319 που
1390 1273 1634 1332 γεγονότα.
1696 1276 1778 1318 τοῦ

151 1333 204 1379 δε
229 1331 474 1401 Ἀρχελάου
503 1333 801 1404 πυθομένου,
832 1332 877 1378 εἰ
907 1333 989 1376 καὶ
1020 1334 1108 1376 νῦν
1141 1330 1209 1376 ἔτι
1241 1326 1468 1386 ἐρώμενος
1489 1333 1621 1396 (fort.
1645 1327 1781 1382 ἔροὶσ-

151 1393 275 1461 μιος)
300 1386 426 1446 αὐτῷ
450 1391 587 1434 δοκεῖ
607 1406 748 1445 ειναι,
768 1385 1083 1460 απεκρίνατο·
1117 1388 1197 1430 ναὶ
1219 1387 1286 1442 μᾶ
1308 1390 1423 1431 Δι’·α
1448 1381 1504 1430 οὗ
1524 1382 1611 1442 γὰρ
1633 1384 1780 1441 μόνον

152 1444 204 1490 τὸ
239 1462 320 1499 εαρ
351 1447 442 1489 τῶν
473 1447 630 1489 καλῶν
661 1443 807 1489 καλόν
839 1442 989 1498 εστιν,
1021 1439 1141 1487 ἀλλα
1173 1444 1254 1486 καὶ
1286 1441 1338 1486 τὸ
1370 1437 1657 1498 μετόπωρον.
1720 1445 1778 1486 cf.

151 1504 272 1547 Plut.
311 1506 422 1545 Mor.
454 1518 505 1572 p.
540 1503 690 1545 7700.
733 1504 868 1543 aliam
907 1516 999 1543 rem
1038 1504 1194 1542 narrat
1231 1501 1352 1541 Plut.
1385 1501 1496 1541 Mor.
1534 1513 1577 1565 p.
1612 1502 1777 1542 5311).

150 1552 387 1630 Ἀρχέλαος
417 1573 503 1612 μεν
533 1553 622 1612 γὰρ
654 1553 677 1600 ὁ
709 1558 801 1600 τῶν
832 1551 1131 1600 Μακεδόνων
1168 1553 1388 1620 βασιλεὺς
1417 1569 1548 1604 παρα
1580 1554 1780 1597 δεῖπνον

156 1611 377 1680 αἰτηθεὶς
416 1613 608 1680 ἔκπωμα
647 1614 862 1682 χρυσοῦν
886 1604 972 1656 υπ’
1020 1606 1280 1677 ανθρώπου
1325 1608 1475 1677 μηδεν
1512 1606 1781 1674 ἡγουμένου

154 1665 304 1711 καλόν
333 1661 365 1737 ἢ
394 1667 446 1712 τὸ
461 1654 753 1735 λαμβάνειν,
788 1664 1029 1711 ἐκέλευσεν
1059 1662 1298 1734 Ευριπίδῃ
1318 1663 1399 1708 τὸν
1419 1667 1575 1708 παῖδα
1598 1664 1781 1718 δοῦναι,

154 1724 234 1767 καὶ
271 1739 392 1793 προς
425 1720 507 1767 τὸν
547 1726 674 1777 ανθρ
680 1738 806 1767 ωπον
847 1719 1032 1766 ἐκεῖνον
1074 1711 1352 1788 ἀποβλέψας
1392 1716 1475 1764 (συ
1506 1721 1618 1777 μέν’
1652 1719 1782 1765 εἶπεν

155 1777 339 1823 (αἰτεῖν
371 1777 639 1852 ἐπιτήδειος
672 1776 717 1822 εἷ
742 1779 822 1822 καὶ
854 1774 916 1833 μὴ
951 1772 1230 1832 λαμβανειν·
1264 1768 1402 1827 οὗτος
1433 1775 1488 1820 δε
1522 1772 1783 1831 λαμβάνειν

153 1834 236 1878 καὶ
273 1832 336 1891 μὴ
379 1834 546 1879 αἰτών’
626 1837 843 1890 ancipitis
882 1841 986 1877 sunt
1024 1835 1131 1876 fidei
1171 1848 1286 1888 quae
1324 1835 1379 1875 de
1417 1835 1636 1887 Euripide
1675 1835 1783 1876 lusit

154 1893 486 1934 Hermesianax
512 1906 587 1960 ap.
610 1893 724 1958 ,Ath.
757 1893 870 1933 XIII
901 1905 943 1945 p
975 1893 1142 1934 59:8D

323 1947 446 2018 φημὶ
477 1944 532 1990 δε
564 1942 790 1990 κακεῖνον
820 1942 902 1989 τὸν
935 1941 1012 1988 οΞεὶ
1041 1941 1411 2014 πεφυλαγμένον
1444 1937 1597 2000 ανδρα

320 2003 402 2046 καὶ
435 2003 646 2046 σπανίων
677 2007 811 2057 μῖσος
841 1998 1078 2069 κτώμενον
1111 1997 1162 2044 ἐκ
1194 2000 1408 2043 συνόδων

321 2072 480 2108 πασας
511 2053 639 2113 αμφὶ
667 2063 920 2125 γυναῖκας,
954 2052 1047 2099 υπὸ
1081 2060 1288 2099 σκολιοιο
1322 2053 1531 2100 τυπέντα

322 2110 487 2182 τόξου,
517 2129 799 2168 νυκτερινας
830 2109 918 2156 οὐκ
947 2107 1200 2156 ἀποθέσθ’
1237 2107 1429 2161 ὀδύνας.

325 2165 445 2212 αλλα
475 2147 590 2214 ἸᾺακ
594 2170 794 2238 ηδονίης
823 2166 978 2218 ποὶσας
1009 2169 1290 2212 κατενίσατο
1323 2163 1499 2224 λαύρας

323 2224 522 2298 Αἰγείων
555 2228 612 2281 (‘?)
644 2224 856 2279 μέθεπεν
889 2219 934 2267 δ’
964 2220 1197 2289 Ἀρχέλεω
1208 2226 1396 2295 ταμίην,

325 2280 479 2325 εἰσοκε
508 2296 581 2324 τοι
613 2282 816 2336 δαίμων,
845 2275 1110 2335 Εὐριπίδη,
1145 2294 1278 2335 ευρετ
1329 2281 1535 2333 ολεθρον

323 2331 572 2393 Ἀμφιβίου
604 2338 812 2392 στυγνῶν
843 2331 1120 2379 ἄντιασαντι
1148 2336 1318 2378 κυνῶν.

267 2393 341 2447 29)
372 2396 485 2435 Vide
517 2408 631 2447 quae
663 2399 756 2436 not.
787 2398 811 2436 3
845 2394 984 2434 allata
1016 2398 1120 2434 sunt
1152 2393 1206 2434 de
1236 2393 1540 2434 Eratosthene
1574 2395 1620 2432 et
1649 2390 1784 2460 Apol-

156 2449 327 2491 lodmo.
386 2450 598 2492 dissentit
628 2463 782 2491 rursus
812 2462 1004 2490 marmor
1033 2449 1215 2489 Parium
1249 2448 1363 2493 G.1.
1395 2451 1527 2499 2374,
1560 2450 1634 2489 77:
1668 2442 1784 2499 ἕτε]·

159 2499 383 2561 λευτησεν
406 2528 455 2535 —-
490 2519 717 2559 αρχοντος
743 2498 993 2559 Ἀθηνησιν
1020 2499 1307 2558 Ἀντιγένους
1331 2503 1517 2558 (olymp.
1539 2506 1609 2555 93,
1631 2506 1655 2543 2
1688 2505 1783 2545 sive

159 2575 277 2602 anno
305 2564 387 2603 407
419 2575 458 2603 a.
493 2561 595 2602 Chr.
628 2560 706 2615 n..)
765 2566 857 2601 tam
894 2561 1139 2614 Sophocles
1189 2573 1321 2614 quam
1371 2559 1612 2612 Euripides
1650 2559 1783 2612 paulo

158 2621 265 2659 ante
298 2630 428 2671 quam
459 2618 775 2670 Aristophanis
806 2618 962 2657 Ranae
995 2617 1266 2657 docerentur
1297 2616 1612 2662 decesserunt,
1653 2627 1783 2667 quam

159 2673 361 2713 fabulam
393 2672 539 2713 Callia
571 2673 786 2714 archonte
820 2686 938 2713 anno
967 2674 1049 2714 405
1081 2672 1250 2712 editam
1283 2685 1381 2713 esse
1415 2676 1609 2712 constat.

268 2729 340 2780 30)
371 2729 505 2770 Diod.
541 2728 630 2771 Sic.
655 2731 721 2779 13,
748 2731 848 2770 103.
879 2742 1004 2775 τινες
1035 2723 1087 2769 δε
1112 2725 1305 2795 λέγουσι
1334 2720 1449 2779 παρ’
1476 2717 1697 2779 Ἀρχελοῖῳ
1720 2722 1781 2777 τῷ

159 2780 348 2835 βασιλεῖ
358 2778 660 2826 Μακεδόνων
677 2798 798 2825 κατα
791 2778 920 2847 Ητήν
928 2778 1082 2837 χώραν
1104 2777 1363 2833 ἐξελθόντα
1385 2781 1490 2824 κυσι
1512 2783 1783 2835 περιπεσεῖν

158 2835 240 2878 καὶ
260 2837 631 2892 διασπασθῆναι
661 2838 810 2895 μικρῷ
831 2833 1044 2892 πρόσθεν
1066 2835 1243 2880 τούτων
1265 2835 1355 2880 τῶν
1384 2834 1576 2892 χρόνων.
1612 2835 1783 2877 Gellius

160 2894 227 2944 15,
249 2895 317 2946 20,
338 2896 385 2936 9·
425 2897 462 2935 is
492 2909 579 2936 cum
606 2897 649 2936 in
679 2884 936 2936 Macedonia
966 2897 1079 2947 apud
1108 2896 1360 2935 Archelaum
1388 2906 1526 2945 regem
1556 2897 1666 2932 esset
1695 2897 1772 2932 ute
