2022 3126
104 239 180 287 10

102 407 216 455 XO.

102 576 197 624 IO.

103 745 214 792 XO.

101 997 196 1044 ΙΟ.

109 1167 215 1214 ΧΟ.

104 1335 196 1382 ΙΟ.

107 1505 217 1552 KO.

105 1674 217 1722 XO.

105 2013 218 2062 ΚΟ.

105 2183 217 2231 ΧΟ.

108 2351 220 2400 ΚΟ.

110 2521 218 2569 ΧΟ.

112 2775 222 2823 ΚΟ.

112 2859 220 2906 ΧΟ.

713 93 1155 138 ΗΡΑΚΛΕΙΔΑῙ

287 228 354 287 οὗ
376 233 677 303 νησιώτην,
706 225 749 287 cS
773 235 942 301 ξένοι,
975 237 1144 303 τρίβω
1171 238 1313 303 βίον,

294 312 418 370 ἀλλ’
447 319 505 370 ἐκ
531 323 825 387 Μυκηνῶν
848 313 952 387 σὴν
980 313 1269 387 ἀφίγμεθα
1292 316 1486 387 χθόνα.

288 397 459 470 ὄνομα
483 407 540 455 τί
562 419 649 470 σε,
675 404 857 472 γέρον,

290 492 620 555 ,Μυκηναῖος
645 482 924 555 ὠνόμαζεν
947 483 1112 550 λεώς;

287 569 384 623 τὸν
402 566 724 639 Ἡράκλειον
749 578 862 624 ἴστε
887 591 996 624 που
1021 568 1372 639 παραστάτην

284 651 513 708 Ἰόλαον·
541 651 608 708 οὐ
636 652 739 724 γὰρ
766 650 922 724 ὄνομ’
939 650 1251 724 ἀκήρυκτον
1277 652 1417 707 τόδε.

290 735 396 793 οἶδ’
427 738 750 802 εἰσακούσας
771 740 864 793 καὶ
889 744 1022 808 πρίν
1039 755 1050 766 ·
1082 733 1220 791 ἀλλὰ
1247 742 1345 791 τοῦ

289 819 409 876 ποτ’
438 825 498 877 ἐν
522 824 662 893 χειρὶ
688 828 758 896 σᾷ
786 828 1020 894 κομίζεις
1044 821 1246 891 κόρους

289 920 634 977 νεοτρεφεῖς;
666 906 899 978 φράσον.

278 988 610 1061 θΗρακλεόυς
637 988 743 1046 οἵδ’
775 992 880 1046 εἰσὶ
905 995 1124 1059 παῖδες,
1156 982 1198 1044 ὦ
1223 991 1385 1057 ξένοι,

292 1078 462 1130 ἱκέται
486 1078 655 1131 σέθεν
677 1098 735 1130 τε
758 1077 850 1131 καὶ
871 1075 1082 1139 πόλεως
1107 1071 1417 1145 ἀφιγμένοι.

285 1166 343 1214 τί
360 1162 515 1230 χρέος
538 1157 573 1231 ἢ
597 1160 778 1231 λόγων
802 1160 1021 1228 πόλεος,
1049 1161 1212 1215 ἔνεπέ
1229 1182 1340 1229 μοι,

291 1245 583 1315 μελόμενοι
609 1258 825 1315 τυχεῖν;

286 1327 410 1400 μήτ’
441 1333 743 1400 ἐκδοθῆναι
769 1328 902 1400 μήτε
930 1328 1066 1399 πρὸς
1092 1334 1222 1399 βίαν
1246 1332 1399 1381 θεῶν

287 1420 400 1468 τῶν
422 1420 538 1469 σῶν
561 1411 1010 1478 ἀποσπασθέντες
1035 1418 1110 1476 εἰς
1126 1410 1327 1481 ’Ἀργος
1349 1417 1554 1481 μολεῖν.

289 1496 410 1553 ἀλλ’
441 1496 561 1554 οὔτι
586 1512 696 1563 τοῖς
723 1512 839 1564 σοῖς
866 1498 1154 1562 δεσπόταις
1180 1495 1301 1551 τάδ’
1329 1494 1564 1566 ἀρκέσει,

290 1589 345 1637 οἳ
366 1589 467 1638 σοῦ
492 1589 825 1653 κρατοῦντες
850 1580 1045 1638 ἐνθάδ’
1077 1578 1404 1652 εὑρίσκουσί
1424 1597 1500 1634 σε.

290 1667 433 1732 εἰκὸς
455 1674 609 1722 θεῶν
635 1673 855 1738 ίκτῆρας
880 1672 1186 1735 αἰδεῖσθαι,
1214 1667 1350 1733 ξένε,

290 1754 381 1806 καὶ
406 1751 478 1823 μὴ
504 1759 668 1826 βιαίῳ
695 1754 837 1823 χειρὶ
862 1752 1144 1822 δαιμόνων

289 1837 581 1892 ἀπολιπεῖν
605 1840 700 1907 ἕδη
717 1856 728 1865 ·

290 1921 484 1977 πότνια
510 1921 614 1993 γὰρ
639 1928 788 1977 Δίκα
813 1919 935 1976 τάδ’
965 1918 1031 1976 οὐ
1058 1926 1319 1975 πείσεται.

292 2010 535 2077 ἔκπεμπέ
555 2030 663 2061 νυν
687 2013 785 2077 γῆς
807 2005 1007 2061 τούσδε
1029 2004 1158 2069 τοὺς
1185 2002 1541 2075 Εὐρυσθέως,

291 2088 495 2146 κούδὲν
520 2098 683 2164 βιαίῳ
708 2096 840 2163 τῇδε
862 2090 1132 2161 χρήσομαι
1154 2095 1290 2161 χερί.

290 2173 463 2230 ἄθεον
490 2181 702 2231 ἱκεσίαν

290 2268 544 2330 μεθεῖναι
568 2260 722 2315 πόλει
745 2263 918 2326 ξένων
942 2260 1310 2330 προστροπάν.

295 2343 466 2400 καλὸν
492 2347 555 2400 δέ
577 2343 631 2415 γ’
661 2347 760 2410 ἔξω
786 2345 1121 2416 πραγμάτων
1146 2349 1289 2413 ἔχειν
1313 2339 1473 2410 πόδα,

293 2426 588 2500 εὐβουλίας
611 2429 846 2499 τυχόντα
869 2436 962 2500 τῆς
987 2426 1291 2499 ἀμείνονος.

289 2515 500 2568 οὔκουν
523 2513 778 2588 τυράννῳ
803 2519 967 2585 τῆσδε
989 2520 1088 2584 γῆς
1114 2511 1402 2584 φράσαντά
1427 2529 1487 2565 σε

292 2604 430 2668 χρῆν
456 2606 627 2653 ταῦτα
650 2604 882 2669 τολμᾶν,
909 2595 1047 2652 ἀλλὰ
1069 2595 1142 2667 μὴ
1170 2602 1266 2669 βίᾳ
1289 2597 1480 2662 ξένους

291 2688 445 2737 θεῶν
469 2680 758 2753 ἀφέλκειν,
787 2688 894 2754 γῆν
918 2679 1134 2752 σέβοντ’
1165 2681 1495 2750 ἐλευθέραν;

292 2773 372 2830 τίς
399 2764 454 2822 δ’
483 2769 596 2821 ἐστὶ
618 2766 797 2837 χώρας
820 2771 984 2837 τῆσδε
1008 2769 1100 2821 καὶ
1128 2766 1336 2828 πόλεως
1362 2762 1495 2830 ἅναξ
1511 2789 1525 2829 ;

289 2855 496 2906 ἐσθλοῦ
524 2850 726 2921 πατρὸς
752 2865 877 2915 παῖς
890 2856 1181 2921 Δημοφῶν
1211 2847 1238 2904 ὁ
1269 2851 1506 2918 Θησέως.

1320 2928 1420 2978 19*

1530 988 1645 1043 ἀντ..

1655 89 1751 139 291

1701 329 1756 371 85

1701 749 1756 792 90

1701 1171 1756 1215 95

1681 1594 1757 1635 100

1680 2015 1756 2055 105

1679 2438 1759 2479 110

1679 2859 1759 2900 115
