2022 3126
255 143 316 183 VI
621 138 822 180 ΓΕΝΟΣ
855 138 1200 180 ΕΤΡΙΠΙΔΟΤ
1230 138 1338 180 ΚΑΙ
1365 137 1511 179 ΒΙΟΣ

189 280 229 313 85
254 264 540 329 Φιλόχορος,
573 260 699 329 ὑπὲρ
732 262 790 313 τὰ
826 261 1217 329 ἓβδομήκοντα”
1187 281 1269 327 ετη
1293 281 1532 329 γεγονως,
1569 260 1635 322 ὡς
1662 259 1717 312 δὲ
1739 255 1882 345 Ἐρα-

254 334 490 397 τοσθένης
525 333 606 397 οε’,
641 333 724 383 καὶ
748 332 803 383 ἐν
828 333 1123 382 Μακεδονία
1161 331 1331 397 ἐτάφη.
1382 332 1678 419 κενοτάφιον
1713 330 1766 381 δὲ
1791 327 1883 380 αὖ·

255 411 338 454 τοῦ
365 403 419 453 ἐν
437 401 710 468 Ἀθήνησιν
735 400 944 468 ἐγένετο,
979 401 1064 452 καὶ
1096 401 1372 486 ἐπίγραμμα
1406 401 1730 468 ἐπεγέγραπτο
1757 401 1884 450 Θου-

254 474 457 524 κυδίδου
505 481 592 523 τοῦ
647 471 1020 538 ἱστοριογράφου
1078 469 1371 535 ποιήσαντος
1417 469 1453 536 ἢ
1505 471 1749 536 Τιμοθέου
1798 478 1885 520 τοῦ

254 548 540 609 μελοποιοῦ·

188 627 230 660 ιο
389 621 555 678 μνῆμα
579 610 669 677 μὲν
683 609 853 671 Ἐλλὰς
880 603 1025 659 άπασ’
1053 605 1354 675 Εὐριπίδου·
1379 609 1519 659 οστέα
1545 605 1592 659 6'
1622 609 1747 674 ἴσχει

390 690 453 748 γῆ
480 681 753 744 Μακεδών,
779 684 921 766 ᾑπερ
931 679 1101 740 δέξατο
1127 678 1272 744 τέρμα
1297 680 1436 745 βίου·

389 751 561 817 πατρὶς
588 747 634 801 6⁷
660 748 889 809 Ελλάδος
908 746 1080 808 Ἑλλὰς
1102 745 1330 835 ᾈθῆναι.
1379 747 1531 798 πολλὰ
1557 747 1611 798 δὲ
1635 748 1844 813 μούσαις

391 820 572 885 τέρψας
600 819 653 870 ἐκ
676 821 869 869 πολλῶν
891 818 976 868 καὶ
999 818 1085 869 τὸν
1109 817 1312 868 ἔπαινον
1337 817 1446 882 ἔχει.

252 891 375 955 φασὶ
408 889 462 940 δὲ
498 889 581 940 καὶ
613 893 997 973 κεραυνωθῆναι
1036 885 1286 952 ἀμφότερα
1319 893 1544 952 μνημεῖα.
1604 886 1798 953 λέγουσι
1833 885 1887 936 δὲ

191 977 229 1007 45
253 961 335 1011 καὶ
359 959 616 1023 Σοφοκλέα
649 953 930 1009 ἀκούσαντα
965 957 1040 1007 ὅτι
1065 957 1373 1022 ἐτελεύτησεν
1408 955 1561 1007 αὐτὸν
1593 976 1684 1022 μεν
1717 958 1886 1024 ίματίῳ

253 1039 385 1100 φαιῶ
410 1034 690 1094 προελθεῖν,
709 1028 795 1079 τὸν
820 1025 875 1078 δὲ
899 1026 1045 1092 χορὸν
1068 1027 1151 1077 καὶ
1171 1026 1283 1087 τοὺς
1309 1025 1574 1093 ὑποκριτας
1594 1024 1886 1090 ἀστεφάνω-

252 1120 365 1161 τους
403 1101 681 1166 εἰσαγαγεῖν
715 1097 770 1148 έν
803 1105 868 1166 τῷ
901 1105 1152 1163 προαγῶνι
1186 1096 1269 1147 καὶ
1311 1098 1556 1162 δακρῦσαι
1592 1095 1678 1147 τὸν
1711 1099 1885 1162 δῆμον.

253 1170 527 1234 ἐτελεύτησε
561 1169 616 1218 δὲ
648 1167 734 1218 τὸν
767 1168 947 1233 τρόπον
980 1175 1167 1218 τοῦτον.
1230 1166 1285 1217 ἐν
1317 1175 1376 1235 τῇ
1411 1167 1707 1228 Μακεδονίᾳ
1746 1166 1886 1231 κώμη

252 1241 349 1290 ε’στι
379 1237 659 1304 καλουμένη
694 1238 905 1307 Θρακῶν
938 1236 1020 1286 διὰ
1054 1237 1107 1286 τό
1141 1255 1256 1287 ποτε
1289 1237 1624 1304 κατῳκηκέναι
1661 1217 1886 1286 ἐνταῦθα

189 1324 230 1356 50
258 1313 472 1396 Θρᾷκας.
523 1308 578 1359 ἐν
602 1309 754 1375 ταύτῃ
789 1306 902 1357 ποτὲ
927 1315 1015 1357 τοῦ
1036 1305 1294 1372 Ἀρχελάου
1321 1306 1602 1371 Μολοττικὴ
1635 1306 1775 1356 κύων
1797 1301 1885 1371 ἧλ-

251 1386 347 1430 θεν
370 1378 802 1442 ἀποπλανηθεῖσα·
829 1378 1014 1441 ταύτην
1040 1377 1250 1462 Θρᾷκες
1255 1375 1320 1437 ὡς
1347 1376 1461 1437 ε’θος
1488 1377 1736 1437 θύσαντες
1763 1376 1885 1440 ἔφα·

250 1469 355 1535 γον,
380 1449 463 1499 καὶ
488 1447 595 1513 δὴ
577 1468 601 1498 ο
623 1447 873 1513 Ἀρχέλαος
901 1429 1165 1511 ε’ζημίωσέν
1188 1445 1370 1506 αὐτοὺς
1396 1447 1628 1514 ταλάντῳ.
1666 1446 1768 1496 ἐπεὶ
1795 1450 1887 1495 οὐν

251 1517 342 1570 οὐκ
367 1515 513 1584 εἶχον,
540 1514 816 1603 Εὐριπίδου
844 1516 1126 1582 ἐδεήθησαν
1157 1514 1440 1576 ἀπολύσεως
1467 1522 1648 1582 τυχεῖν,
1675 1515 1883 1580 δεηθέν-

252 1609 330 1649 τος
356 1597 445 1639 τοῦ
468 1587 719 1655 βασιλέως.
731 1587 914 1671 χρόνῳ
941 1587 994 1636 δὲ
1018 1586 1223 1652 ύστερον
1247 1584 1524 1674 Εὐριπίδης
1552 1586 1606 1636 ἕν
1629 1585 1768 1636 ἄλσει
1792 1585 1888 1636 τινὶ

189 1673 229 1705 55
251 1659 344 1725 πρὸ
378 1667 463 1724 τῆς
496 1658 681 1718 πόλεως
711 1655 860 1753 ἠρέμε
840 1675 902 1706 ει·
937 1650 1194 1721 Ἀρχελάου
1229 1655 1284 1706 δὲ
1320 1656 1398 1706 επὶ
1430 1655 1722 1722 κυνηγέσιον
1759 1655 1886 1717 ἐξελ*

253 1729 451 1793 θόντος,
487 1736 584 1777 τῶν
610 1727 871 1776 σκυλάκων
903 1724 1260 1775 ἀπολυθέντων
1286 1723 1382 1775 ὑπὸ
1420 1734 1517 1776 τῶν
1541 1734 1777 1790 κυνηγῶν
1801 1724 1885 1774 καὶ

252 1797 609 1871 περιτυχόντων
642 1794 919 1884 Εὐριπίδῃ,
946 1795 1287 1860 διεσπαράχθη
1323 1795 1661 1873 καταβρωθεὶς
1692 1792 1718 1844 6
1743 1813 1885 1858 ποιη-

253 1869 363 1933 τής·
397 1872 528 1933 ἠσαν
561 1865 659 1916 δὲ
641 1867 829 1932 ε’κγονοι
854 1868 905 1916 οἵ
934 1865 1171 1923 σκύλακες
1197 1873 1283 1930 τῆς
1320 1859 1419 1914 ὑπὸ
1446 1866 1659 1934 Θρακῶν
1690 1858 1885 1929 ἀναιρε-

252 1939 427 2035 θείσης
452 1936 622 2000 κυνός,
649 1936 772 1987 ὅθεν
795 1935 877 1986 καὶ
901 1933 931 2000 ἡ
956 1936 1190 2000 παροιμία
1216 1935 1315 1984 ἐστὶ
1335 1953 1468 2001 παρα
1498 1940 1598 1995 τοῖς
1625 1935 1889 1984 Μακεδόσι

190 2014 270 2054 60‘
283 2002 433 2068 κυνὸς
459 2008 618 2071 δίκη’.

358 2076 480 2156 φασὶ
514 2077 568 2126 δὲ
603 2068 756 2126 αὐτὸν
791 2073 843 2125 ἐν
876 2079 1122 2139 Σαλαμῖνι
1168 2074 1411 2139 σπήλαιον
1454 2073 1887 2124 κατασκευάσαντα

252 2140 511 2226 ἀναπνοὴν
537 2146 646 2211 ε’χον
667 2148 734 2206 εἰς
755 2144 846 2210 τὴν
863 2145 1124 2194 θάλασσαν
1149 2144 1299 2195 εκεῖσε
1320 2144 1625 2209 διημερεύειν
1643 2143 1887 2210 φεύγοντα

255 2211 339 2267 τὸν
362 2217 531 2301 ὄχλον·
568 2216 693 2266 οθεν
715 2215 798 2266 καὶ
823 2213 877 2264 ἐκ
901 2215 1158 2278 θαλάσσης
1184 2213 1419 2280 λαμβάνει
1455 2213 1538 2274 τὰς
1563 2214 1760 2273 πλείους
1788 2222 1887 2263 τῶν

253 2286 544 2352 ὅμοιώσεων.
595 2278 889 2351 σκυθρωπὸς
925 2285 979 2334 δὲ
1004 2284 1086 2334 καὶ
1119 2284 1334 2344 σύννους
1361 2283 1444 2333 καὶ
1476 2277 1718 2349 αὐστηρὸς
1746 2282 1886 2346 ε’φαί-

192 2369 233 2401 ⁸5
256 2375 363 2407 νετο
397 2355 481 2406 καὶ
512 2355 775 2421 μισόγελως
809 2354 891 2404 καὶ
927 2354 1221 2441 μισογύνης,
1256 2353 1393 2403 καθὰ
1428 2353 1511 2403 καὶ
1531 2351 1886 2418 Ἀριστοφάνης

255 2425 409 2476 αὐτὸν
441 2427 675 2476 αἰτιᾶται·
723 2424 994 2489 εστρυφνὸς
1019 2424 1196 2503 ε’μοιγε
1240 2429 1521 2489 προσειπεῖν
1561 2420 1886 2488 Esvymffing'.

255 2495 448 2563 λέγουσι
473 2493 528 2546 δὲ
553 2493 705 2546 αὐτὸν
727 2496 950 2582 γήμαντα
976 2514 1065 2558 την
1095 2494 1424 2579 Μνησιλόχου
1443 2492 1691 2559 θυγατέρα
1718 2493 1887 2557 Χοιρί-

257 2571 348 2630 λην
371 2565 453 2615 καὶ
478 2565 725 2630 νοήσαντα
751 2564 841 2630 τὴν
864 2561 1132 2614 ἀκολασίαν
1155 2561 1307 2628 αὐτῆς
1331 2563 1522 2652 γράψαι
1545 2570 1743 2629 πρῶτον
1767 2563 1886 2627 δρα-

258 2656 324 2701 μα
352 2635 440 2685 τὸν
465 2632 781 2699 Ἱππόλυτον,
818 2633 872 2684 ἐν
895 2654 933 2684 ω
938 2633 1053 2720 τὴν
1087 2631 1441 2698 ἀναισχυντίαν
1473 2632 1766 2698 θριαμβεύει
1790 2640 1889 2682 τῶν

197 2718 238 2750 7⁰
259 2713 531 2771 γυναικῶν,
557 2724 722 2755 επειτα
748 2703 803 2755 δὲ
828 2697 986 2768 αὐτὴν
1015 2700 1424 2768 ἀποπέμψασθαι.
1477 2701 1697 2768 λέγοντος
1723 2699 1778 2751 δὲ
1802 2710 1888 2752 τοῦ

259 2775 501 2842 γήμαντος
535 2772 693 2839 αὐτήν
727 2778 1004 2841 ’σωφρονεῖ
1029 2771 1146 2839 παρ’
1184 2772 1332 2838 ἐμοί’,
1366 2772 1634 2837 εδύστηνος
1669 2766 1739 2822 εἷ’
1776 2771 1888 2836 ἔφη,

262 2847 307 2896 εἰ
327 2850 543 2931 γυναῖκα
567 2845 727 2904 δοκεῖς

400 2911 518 2980 παρ’
547 2917 584 2983 ᾠ
611 2915 702 2979 μὲν
727 2907 882 2978 αὐτὴν
907 2918 1200 2980 σωφρονεῖν,
1227 2911 1344 2979 παρ’
1373 2932 1409 2962 ω
1439 2913 1494 2962 δὲ
1517 2911 1615 2977 μή’
