2022 3126
258 96 360 148 400

271 1692 379 1740 XO.

265 2286 383 2334 ΘΗ.

927 96 1265 142 ΙΚΕΤΙΔΕΣ

458 240 678 303 Τυδέως
700 235 752 293 δ’
781 243 1010 292 ε”παινον
1035 239 1095 291 ἐν
1119 243 1316 307 βραχεῖ
1333 235 1493 306 θήσω
1518 238 1715 307 μέγαν·

452 321 554 379 οὐκ
581 326 640 378 ἐν
665 323 849 394 λόγοις
872 313 942 394 ἦν
969 320 1242 392 λαμπρός,
1269 317 1388 376 ἀλλ’
1418 324 1478 376 ἐν
1503 318 1695 377 ἀσπίδι

452 407 635 472 δεινὸς
659 404 924 478 σοφιστὴς
947 405 1123 462 πολλά
1147 403 1195 460 τ’
1227 409 1473 475 ἐξευρεῖν
1497 406 1684 476 σοφός.

452 492 643 565 γνώμῃ
669 497 702 548 δ
709 490 721 510 '
751 490 1000 562 ἀδελφοῦ
1026 490 1364 563 Μελεάγρου
1389 492 1755 562 λελειμμένος,

455 588 576 634 ἴσον
603 580 875 649 παρέσχεν
898 575 1072 647 ὄνομα
1098 574 1190 631 διὰ
1214 578 1406 646 τέχνης
1435 576 1615 647 δορός,
1841 590 1924 633 905

454 661 636 732 εὑρών
661 659 862 734 ἀκριβῆ
889 660 1163 733 μουσικὴν
1187 663 1247 716 ἐν
1271 659 1490 716 ἀσπίδι·

450 748 743 821 φιλότιμον
766 740 907 818 ἦθος
930 746 1223 816 πλούσιον,
1252 746 1510 818 φρόνημα
1536 746 1597 802 δὲ

455 838 513 890 ἐν
538 845 712 889 τοῖσιν
736 838 943 904 ἔργοις,
970 828 1094 902 οὐχὶ
1117 844 1230 896 τοῖς
1254 831 1437 902 λόγοις
1462 837 1617 902 ἔχων.

452 922 510 974 ἐκ
534 923 711 974 τῶνδε
735 917 807 989 μὴ
832 917 1081 988 θαύμαζε
1104 922 1216 971 τῶν
1242 918 1566 987 εἰρημένων,

453 1010 666 1076 Θησεῦ
693 1002 798 1073 πρὸ
825 1002 1056 1073 πύργων
1080 1001 1277 1057 τούσδε
1302 1008 1568 1073 τολμῆσαι
1591 1010 1804 1058 θανεῖν.
1843 1015 1927 1059 910

451 1088 510 1144 τὸ
536 1088 640 1160 γὰρ
667 1094 945 1160 τραφῆναι
967 1085 1041 1158 μὴ
1065 1092 1247 1152 κακῶς
1273 1091 1412 1142 αἰδῶ
1439 1089 1625 1187 φέρει·

453 1174 769 1244 αἰσχύνεται
796 1173 857 1228 δὲ
882 1169 1084 1242 τάγάθ’
1114 1170 1355 1243 ἀσκήσας
1381 1169 1520 1243 ἀνὴρ

452 1258 617 1323 κακὸς
641 1263 947 1328 κεκλῆσθαι
970 1263 1074 1322 πᾶς
1099 1279 1194 1321 τις.
1251 1255 1284 1327 ἡ
1311 1254 1362 1312 δ’
1397 1254 1666 1329 εὐανδρια

451 1344 731 1413 διδακτός,
764 1351 917 1412 εἴπερ
944 1343 1036 1397 καὶ
1059 1343 1266 1413 βρέφος
1295 1342 1612 1397 διδάσκεται

453 1432 637 1500 λέγειν
661 1426 890 1484 ἀκούειν
915 1425 977 1482 θ’
1009 1428 1088 1482 ῶν
1111 1424 1358 1498 μάθησιν
1382 1424 1484 1483 οὐκ
1511 1433 1635 1498 ἔχει.
1847 1441 1927 1484 915

455 1539 488 1569 α
514 1511 568 1569 δ’
598 1537 666 1568 αν
691 1514 844 1585 μάθῃ
869 1537 975 1584 τις,
1005 1518 1175 1568 ταῦτα
1201 1511 1474 1580 σώζεσθαι
1499 1519 1655 1584 φιλεῖ

453 1598 605 1704 πρὸς
613 1605 800 1670 γῆρας.
862 1595 1007 1653 οὕτω
1033 1602 1232 1662 παῖδας
1258 1599 1321 1653 εὐ
1346 1597 1654 1653 παιδεύετε.

450 1684 513 1740 ἰω
544 1686 766 1754 τέκνον,
793 1688 1038 1754 δυστυχῆ
1063 1680 1119 1737 σ’

454 1776 717 1840 ἔτρεφον,
750 1775 953 1841 ἔφερον
976 1765 1078 1840 ὑφ’
1106 1765 1312 1838 ἥπατος

455 1855 660 1920 πόνους
685 1851 972 1926 ἐνεγκοῦσ’
1003 1856 1062 1908 ἐν
1089 1850 1274 1908 ῶδῖσι·
1301 1855 1394 1909 καὶ
1417 1859 1526 1909 νῦν
1842 1866 1928 1909 920

441 1936 631 2004 ’Ἀιδας
654 1938 751 1995 τὸν
777 1938 909 2010 ἐμὸν
936 1945 1044 2010 ἔχει

454 2024 668 2095 μόχθον
695 2022 921 2093 ἀθλίας,
948 2022 1054 2095 ἐγῶ
1082 2022 1143 2078 δὲ

452 2107 798 2180 γηροβοσκὸν
822 2106 925 2164 οὐκ
953 2114 1055 2179 ἔχω

455 2192 674 2249 τεκοῦσ’
706 2192 739 2249 ἁ
762 2194 990 2249 τάλαινα
1015 2198 1200 2249 παῖδα.

452 2281 544 2334 καὶ
568 2278 677 2350 μὴν
701 2278 800 2335 τὸν
827 2279 1092 2345 Οἰκλέους
1115 2301 1176 2349 γε
1203 2290 1465 2349 γενναῖον
1487 2277 1651 2334 τόκον
1841 2291 1926 2335 925

455 2366 583 2420 θεοὶ
605 2362 763 2431 ζῶντ’
793 2361 1206 2433 ἀναρπάσαντες
1233 2368 1309 2427 εἰς
1332 2361 1542 2434 μυχοὺς
1563 2361 1768 2434 χθονὸς

453 2446 642 2514 αὐτοῖς
665 2455 993 2520 τεθρίπποις
1018 2445 1347 2520 εὐλογοῦσιν
1375 2450 1656 2518 ἐμφανῶς·

455 2532 552 2588 τὸν
583 2539 823 2590 Οἰδίπου
849 2533 911 2589 δὲ
933 2538 1130 2604 παῖδα,
1158 2539 1513 2601 Πολυνείκην
1537 2535 1696 2605 λέγω,

456 2616 609 2689 ἡμεῖς
638 2621 1022 2684 ἐπαινέσαντες
1045 2616 1112 2674 οὐ
1139 2615 1471 2688 ψευδοίμεθ’
1501 2615 1587 2673 ἅν.

455 2705 608 2768 ξένος
631 2703 736 2775 γὰρ
761 2696 831 2775 ἦν
854 2727 946 2775 μοι
969 2705 1101 2774 πρὶν
1127 2701 1305 2758 λιπῶν
1328 2702 1558 2774 Κάδμου
1583 2702 1747 2760 πόλιν
1842 2714 1926 2758 930

458 2794 611 2859 φυγῇ
640 2786 985 2860 πρός”Αργος
1011 2793 1299 2860 διαβαλεῖν
1322 2785 1673 2857 αὐθαίρετος.

455 2869 579 2926 ἀλλ’
610 2872 761 2928 οἶσθ’
791 2870 821 2928 ὃ
845 2877 1043 2941 δρᾶσαι
1072 2872 1342 2944 βούλομαι
1366 2872 1577 2928 τούτων
1601 2873 1757 2941 πέρι;
