2022 3126
153 257 269 304 ΑΔ.

149 340 267 388 ΘΗ.

154 424 263 471 ΑΘ.

818 110 941 155 IKE
947 111 1015 155 TI
1016 111 1156 155 ΔΕΣ
1696 113 1799 164 409

337 245 483 320 χαῖρ’
503 267 513 277 ·
540 243 686 314 ἄξιος
710 246 814 319 γὰρ
838 249 933 302 καὶ
954 247 1024 303 σὺ
1052 251 1144 304 καὶ
1165 246 1321 314 πόλις
1344 251 1529 307 σέθεν.

337 339 485 388 ἔσται
508 329 629 387 τάδ’
649 350 660 361 ·
687 330 824 386 ἀλλὰ
850 333 941 387 καὶ
964 330 1034 387 σὺ
1060 339 1170 390 τῶν
1195 331 1380 395 αὐτῶν
1403 335 1599 405 τύχοις,

332 414 527 486 ἄκουε,
554 423 764 487 Θησεῦ,
792 413 982 471 τούσδ’
1005 413 1301 488 Ἀθηναίας
1324 418 1538 489 λόγους,

337 497 371 555 α’
395 500 498 571 χρή
524 517 585 555 σε
609 505 832 570 δρᾶσαι,
860 504 1080 571 δρῶντα
1105 500 1159 556 δ’
1189 500 1428 574 ῶφελεῖν
1452 504 1597 559 τάδε.

334 582 406 655 μὴ
436 589 544 658 δῷς
568 582 689 639 τάδ’
723 582 856 640 ὀστᾶ
879 581 1052 639 τοῖσδ’
1081 588 1134 650 ἐς
1153 584 1405 658 Ἀργείαν
1428 585 1607 658 χθόνα
1694 601 1798 645 1185

335 670 524 724 παισὶν
547 674 788 740 κομίζειν
813 671 1017 742 ῥαδίως
1044 667 1188 725 οὕτω
1219 678 1433 741 μεθείς,

335 750 458 808 ἀλλ’
487 751 610 808 ἀντὶ
634 760 744 808 τῶν
767 758 881 808 σῶν
904 754 997 808 καὶ
1019 753 1230 819 πόλεως
1253 757 1620 827 μοχθημάτων

337 843 554 907 πρῶτον
578 835 704 908 λάβ’
732 834 916 908 ὅρκον.
963 837 1126 893 τόνδε
1149 837 1204 893 δ’
1234 837 1471 910 ὀμνύναι
1495 840 1673 911 χρεῶν

321 918 652 993 Ἄδραστον·
684 914 843 985 οὗτος
866 919 1085 992 κύριος,
1111 923 1383 994 τύραννος
1408 922 1502 993 ῶν,

331 1005 508 1076 πάσης
533 1003 671 1075 ὑπὲρ
699 1011 798 1076 γῆς
821 1010 1122 1061 Δαναϊδῶν
1145 1003 1496 1078 ὁρκωμοτεῖν.
1693 1025 1799 1068 1190

336 1086 363 1144 ὁ
392 1086 445 1144 δ’
475 1086 636 1158 ὅρκος
664 1096 838 1160 ἔσται,
865 1087 1060 1161 μήποτ’
1084 1087 1364 1162 Ἀργείους
1386 1093 1565 1162 χθόνα

334 1180 410 1239 εἰς
434 1173 591 1245 τήνδ’
618 1177 861 1231 ἐποίσειν
885 1176 1148 1247 πολέμιον
1170 1185 1506 1248 παντευχίαν

333 1256 515 1314 ἄλλων
540 1256 588 1314 τ’
617 1258 816 1314 ἰόντων
839 1258 1097 1330 ἐμποδῶν
1120 1260 1319 1332 θήσειν
1343 1262 1498 1333 δόρυ.

333 1340 403 1414 ἦν
427 1348 459 1399 δ
467 1341 479 1360 '
508 1340 674 1412 ὅρκον
698 1343 1011 1409 ἐκλιπόντες
1038 1351 1280 1401 ἔλθωσιν
1304 1346 1483 1417 πόλιν,

333 1433 511 1492 κακῶς
539 1424 766 1484 ὀλέσθαι
790 1427 1087 1500 πρόστρεπ’
1114 1427 1376 1500 Ἀργείων
1405 1432 1599 1502 χθόνα.
1695 1447 1799 1491 1195

332 1515 392 1567 ἐν
417 1504 461 1586 ᾦ
486 1512 547 1567 δὲ
570 1514 788 1583 τέμνειν
813 1513 1022 1584 σφάγια
1045 1514 1147 1585 χρή
1172 1511 1244 1584 σ’,
1271 1512 1443 1571 ἄκουέ
1462 1539 1586 1587 μου.

333 1602 481 1651 ἔστιν
507 1603 733 1668 τρίπους
757 1616 841 1652 σοι
865 1598 1173 1668 χαλκόπους
1199 1607 1325 1654 εἴσω
1354 1600 1556 1671 δόμων,

335 1676 400 1735 ὃν
419 1678 581 1736 Ἰλίου
605 1679 727 1736 ποτ’
755 1683 1117 1753 ἐξαναστήσας
1141 1683 1327 1754 βάθρα

332 1764 583 1836 σπουδὴν
607 1763 694 1821 ἐπ’
725 1764 897 1838 ἄλλην
913 1764 1179 1838 ςΗρακλῆς
1203 1765 1519 1840 ὁρμώμενος

333 1855 531 1920 στῆσαί
549 1848 601 1906 σ’
629 1853 812 1922 ἐφεῖτο
832 1851 1100 1924 Πυθικὴν
1123 1851 1259 1923 πρὸς
1283 1853 1531 1925 ἐσχάραν.
1690 1869 1798 1911 1200

331 1937 392 1989 ἐν
419 1939 559 2009 τῶδε
583 1933 811 2006 λαιμοὺς
836 1949 980 2008 τρεῖς
1003 1942 1173 2008 τριῶν
1194 1938 1384 2008 μήλων
1407 1937 1586 2008 τεμῶν

331 2023 610 2089 ἔγγραψον
633 2017 834 2090 ὅρκους
856 2026 1115 2093 τρίποδος
1138 2025 1197 2077 ἐν
1219 2028 1388 2097 κοίλῳ
1411 2022 1579 2092 κύτει,

330 2099 560 2159 κᾶπειτα
583 2104 776 2172 σῶζειν
800 2111 917 2180 θεῷ
944 2105 1038 2171 δὸς
1063 2098 1107 2180 ῶ
1128 2113 1372 2178 Δελφῶν
1395 2108 1561 2178 μέλει,

332 2189 566 2258 μνημεῖά
590 2186 651 2243 θ’
679 2186 864 2260 ὅρκων
887 2191 1215 2262 μαρτύρημά
1238 2189 1300 2247 θ’
1321 2188 1554 2247 Ἑλλάδι.

331 2263 366 2342 ᾗ
390 2269 442 2326 δ’
472 2268 541 2327 ἂν
566 2276 772 2345 διοίξῃς
796 2278 1007 2346 σφάγια
1031 2282 1123 2330 καὶ
1146 2275 1357 2347 τρῶσῃς
1383 2275 1570 2346 φόνον,
1691 2290 1796 2331 1205

330 2352 632 2427 ὀξύστομον
655 2358 928 2431 μάχαιραν
953 2364 1006 2423 ἐς
1030 2365 1188 2431 γαίας
1210 2358 1419 2430 μυχοὺς

330 2439 548 2509 κρύψον
573 2440 703 2511 παρ’
736 2439 904 2508 αὐτὰς
928 2441 1061 2498 ἑπτὰ
1086 2443 1360 2515 πυρκαιὰς
1384 2450 1600 2514 νεκρῶν
1616 2462 1627 2472 ”

330 2523 510 2594 φόβον
533 2524 637 2596 γὰρ
668 2523 857 2591 αὐτοῖς
875 2570 888 2596 ,
915 2524 985 2598 ἦν
1012 2525 1134 2582 ποτ’
1167 2533 1408 2583 ἔλθωσιν
1435 2528 1616 2598 πόλιν,

330 2612 611 2678 δειχθεῖσα
634 2609 796 2681 θήσει
821 2613 913 2666 καὶ
936 2610 1109 2666 κακὸν
1132 2611 1332 2667 νόστον
1360 2612 1542 2668 πάλιν.

328 2692 530 2763 δράσας
557 2693 619 2749 δὲ
642 2701 812 2750 ταῦτα
836 2697 1012 2766 πέμπε
1036 2702 1136 2766 γῆς
1161 2699 1259 2763 ἔξω
1282 2696 1531 2765 νεκρούς.
1691 2711 1797 2752 1210

327 2777 520 2848 τεμένη
547 2775 620 2848 δ’,
649 2776 729 2833 ἵν’
757 2777 944 2835 αὐτῶν
969 2778 1188 2851 σώμαθ’
1218 2777 1459 2852 ἡγνίσθη
1483 2786 1636 2852 πυρί,

327 2864 491 2931 μέθες
516 2859 647 2933 παρ’
677 2859 853 2933 αὐτὴν
875 2868 1100 2935 τρίοδον
1120 2861 1368 2933 Ἰσθμίαν
1392 2870 1524 2920 θεῶ.
