2022 3126
274 85 373 136 402

275 2527 318 2574 Ε
325 2527 380 2574 Τ.

935 87 1273 134 ΙΚΕΤΙΔΕΣ

467 223 779 298 ἐγεινάμεθ’
810 230 873 281 αἱ
892 233 1230 297 ταλαίπωροι

466 311 850 376 κλεινοτάτους
875 314 934 366 ἐν
953 309 1217 383 Ἀργείοις
1231 330 1241 340 ·

462 398 553 451 καὶ
577 401 686 451 νῦν
709 393 873 460 ἅπαις
898 393 1124 461 ἄτεκνος

464 480 722 552 γηράσκω
753 480 1185 551 δυστηνοτάτως,

465 563 584 620 οὔτ’
612 568 673 620 ἐν
704 566 991 637 φθιμένοις

468 648 590 706 οὔτ’
617 652 679 705 ἐν
704 656 868 716 ζῶσιν
891 651 1207 721 κρινομένα,

463 736 629 806 χωρὶς
654 734 723 804 δή
749 758 872 789 τινα
896 731 1063 790 τῶνδ’
1092 739 1292 804 ἔχουσα
1315 746 1527 805 μοῖραν,

461 817 900 890 ὑπολελειμμένα
923 842 1014 890 μοι
1041 819 1254 889 δάκρυα
1269 838 1280 847 ·

463 907 628 976 μέλεα
651 903 848 968 παιδὸς
872 906 932 959 ἐν
958 912 1129 968 οἴκοις

464 1002 640 1045 κεῖται
664 989 915 1060 μνήματα
930 1032 943 1059 ,
969 990 1231 1059 πένθιμοι

460 1075 659 1145 κουραὶ
682 1076 774 1129 καὶ
799 1075 1061 1144 στέφανοι
1085 1073 1271 1144 κόμας,

464 1164 652 1230 λοιβαί
670 1181 728 1214 τε
752 1159 972 1214 νεκύων
999 1160 1292 1229 φθιμένων

460 1241 649 1299 ἀοιδαί
656 1286 670 1313 ,
697 1242 791 1309 τὰς
817 1242 1162 1314 χρυσοκόμας

456 1326 737 1384 Ἀπόλλων
763 1325 866 1383 οὐκ
891 1329 1191 1398 ἐνδέχεται·

463 1414 677 1485 γόοισιν
702 1411 754 1468 δ’
787 1410 1175 1484 ὀρθρευομένα

461 1499 696 1569 δάκρυσι
720 1496 950 1570 νοτερὸν
975 1495 1060 1553 ἀεὶ
1084 1500 1309 1553 πέπλων

459 1583 596 1656 πρὸς
619 1586 829 1657 στέρνῳ
855 1582 1031 1653 πτύχα
1055 1584 1239 1653 τέγξω.

461 1670 553 1724 καὶ
576 1667 686 1740 μὴν
711 1668 964 1739 θαλάμας
988 1667 1123 1723 τάσδ
1135 1665 1148 1686 ’
1176 1670 1349 1738 ἐσορῶ
1376 1665 1442 1736 δὴ

465 1755 769 1818 Καπανέως
794 1751 898 1824 ἤδη
924 1753 1137 1824 τύμβον
1159 1750 1224 1807 θ’
1251 1750 1403 1823 ἱερὸν

461 1838 760 1909 μελάθρων
785 1836 832 1893 τ’
863 1837 1015 1903 ἐκτὸς

464 1925 685 1994 Θησέως
710 1921 1040 1994 ἀναθήματα
1067 1935 1301 1993 νεκροῖς,

462 2008 686 2079 κλεινήν
710 2005 761 2063 τ’
790 2005 992 2078 ἄλοχον
1018 2013 1118 2063 τοῦ
1139 2010 1563 2079 καταφθιμένου

459 2097 625 2149 τοῦδε
652 2099 908 2167 κεραυνῷ
933 2094 1098 2157 πέλας
1121 2088 1404 2160 Εὐάδνην,

457 2175 526 2249 ἢν
545 2171 678 2249 Ἶφις
703 2173 836 2243 ἄναξ
864 2181 1035 2232 παῖδα
1061 2176 1310 2248 φυτεύει.

461 2269 518 2318 τί
538 2260 659 2318 ποτ’
691 2267 951 2333 αἰθερίαν
976 2265 1166 2332 ἕστηκε
1191 2263 1413 2331 πέτραν,

461 2345 496 2418 ἣ
522 2352 698 2402 τῶνδε
725 2347 911 2417 δόμων
936 2344 1307 2417 ὑπερακρίζει,

460 2429 616 2503 τήνδ’
647 2436 985 2503 ἐμβαίνουσα
1008 2434 1310 2497 κέλευθον;

456 2524 513 2572 τί
532 2519 763 2588 φέγγος,
791 2513 901 2571 τίν’
928 2523 1125 2587 αἴγλαν

462 2606 726 2673 ἐδίφρευε
750 2598 876 2657 τόθ’
908 2598 1059 2666 ἅλιος

463 2686 667 2742 σελάνα
691 2710 748 2742 τε
772 2683 893 2742 κατ’
922 2688 1140 2757 αἰθέρα,

465 2769 704 2842 λαμπάδ’
738 2767 812 2826 ἵν’
845 2767 1098 2826 ὠκυθόαι
1121 2769 1336 2840 νύμφαι

733 2869 816 2911 990
834 2887 904 2894 --
925 2867 1037 2910 1008
1059 2888 1129 2910 z
1159 2868 1271 2910 1012
1288 2887 1356 2893 -
1381 2867 1489 2910 1030

1845 328 1928 371 965
1989 348 1992 349 ’

1848 749 1932 793 970

1849 1171 1931 1215 975

1848 1677 1934 1720 980

1849 2100 1932 2145 985

1711 2531 1826 2583 στρ.
1852 2525 1935 2569 990
