2022 3126
769 95 1136 142 ΑΛΚΗΣΤΙΣ
1695 94 1760 147 17

295 238 388 292 καὶ
415 232 554 304 δῶμ’
583 231 839 304 ἕτοίμαζ’,
873 232 945 297 ὠς
969 236 1377 305 συνοικήσουσά
1403 261 1512 307 μοι.

297 324 358 376 ἐν
390 332 571 374 ταῖσιν
595 315 787 381 αὐταῖς
811 319 915 389 γάρ
947 316 996 388 μ’
1030 320 1314 390 ἐπισκήψω
1343 324 1561 389 κέδροις
1681 337 1761 380 365

293 406 382 459 σοὶ
404 402 605 459 τούσδε
628 411 818 457 θεῖναι
841 403 1057 471 πλευρά
1081 401 1120 457 τ’
1150 407 1386 459 ἐκτεῖναι
1419 408 1584 471 πέλας

290 495 579 557 πλευροῖσι
602 500 715 552 τοῖς
737 499 878 551 σοῖς·
903 487 1043 557 μηδὲ
1067 485 1171 558 γὰρ
1196 489 1392 544 θανών
1417 512 1548 545 ποτε

292 578 394 627 σοῦ
418 573 582 642 χωρὶς
607 578 727 641 εἴην
750 577 844 640 τῆς
875 572 1047 642 μόνης
1071 578 1264 643 πιστῆς
1287 576 1422 643 ἐμοί.

105 663 217 711 XO.
291 659 383 711 καὶ
406 654 516 727 μὴν
541 654 650 726 ἐγώ
674 674 762 710 σοι
789 657 997 721 πένθος
1021 653 1094 720 ὡς
1120 663 1281 727 φίλος
1313 663 1459 732 φίλῳ

292 739 511 810 λυπρὸν
535 746 778 795 συνοίσω
804 745 995 810 τῆσδε·
1022 743 1114 795 καὶ
1139 741 1244 812 γὰρ
1271 739 1410 808 ἀξία.
1676 756 1762 799 370

101 834 216 880 ΑΛ.
287 819 331 881 ὦ
361 830 579 894 παῖδες,
606 822 764 880 αὐτοὶ
789 824 856 894 δὴ
882 823 1000 879 τάδ’
1031 826 1389 896 εἰσηκούσατε

289 909 492 979 πατρὸς
515 911 772 978 λέγοντος
802 908 874 980 μὴ
902 923 1097 980 γαμεῖν
1121 909 1294 981 άλλην
1318 911 1442 966 τινὰ

97 1088 220 1134 ΑΔ.
288 1081 382 1134 καὶ
404 1084 514 1134 νῦν
536 1080 603 1135 δέ
623 1102 789 1149 φημι,
816 1080 908 1133 καὶ
932 1081 1238 1150 τελευτήσω
1264 1082 1412 1136 τάδε.

97 1171 214 1218 ΑΛ.
285 1166 373 1219 ἐπὶ
398 1168 581 1219 τοῖσδε
604 1168 803 1228 παῖδας
826 1163 1007 1235 χειρὸς
1030 1167 1082 1230 ἐξ
1109 1168 1237 1236 ἐμῆς
1262 1168 1441 1236 δέχου.
1679 1179 1761 1224 375

96 1256 218 1303 ΑΔ.
289 1251 514 1320 δέχομαι
545 1254 713 1318 φίλον
737 1271 799 1319 γε
830 1253 1019 1351 δῶρον
1039 1253 1098 1304 ἐκ
1125 1257 1290 1320 φίλης
1313 1251 1486 1322 χερός.

96 1340 213 1388 ΑΛ.
284 1332 354 1389 σῦ
380 1339 489 1388 νῦν
513 1339 682 1435 γενοῦ
704 1331 880 1388 τοῖσδ’
909 1331 1019 1388 ἀντ’
1049 1338 1184 1405 ἐμοῦ
1211 1335 1387 1441 μήτηρ
1412 1337 1639 1400 τέκνοις.

98 1426 219 1472 ΑΔ.
281 1420 456 1487 πολλή
480 1426 529 1487 μ’
558 1415 771 1487 ἀνάγκη
800 1425 902 1473 σοῦ
929 1416 973 1488 γ’
1003 1417 1478 1490 άπεστερημένοις

97 1510 198 1556 ΑΛ
286 1504 328 1556 ὠ
355 1505 522 1567 τέκν’,
542 1525 632 1556 οτε
656 1508 753 1571 ζῆν
776 1508 915 1573 χρῆν
939 1501 1009 1572 μ’
1036 1501 1340 1575 ἀπέρχομαι
1366 1504 1530 1559 κάτω.

99 1595 217 1641 ΑΛ.
286 1595 447 1657 οἴμοι,
474 1592 530 1641 τί
549 1587 734 1657 δράσω
761 1592 896 1657 δῆτα
921 1593 1021 1642 σοῦ
1047 1589 1419 1660 μονούμενος;
1676 1604 1760 1647 380

98 1679 210 1726 ΑΛ.
283 1671 482 1742 χρόνος
511 1671 735 1742 μαλάξει
761 1669 813 1726 σ’
834 1690 844 1699 ·
873 1669 1042 1727 οὐδέν
1067 1670 1189 1728 ἐσθ’
1219 1671 1246 1728 ὁ
1273 1674 1585 1729 κατθανών.

96 1764 216 1810 ΑΔ.
288 1753 428 1825 ἄγου
453 1778 520 1826 με
546 1754 654 1810 σὺν
679 1757 766 1811 σοὶ
791 1753 928 1825 πρὸς
951 1762 1105 1811 θεῶν
1130 1755 1270 1828 ἄγου
1296 1759 1461 1813 κάτω.

94 1848 210 1895 ΑΛ.
281 1838 563 1911 ἀρκοῦμεν
586 1837 741 1910 ἡμεῖς
765 1844 823 1895 οἱ
840 1842 1291 1911 προθνήσκοντες
1315 1844 1503 1899 σέθεν.

93 1935 216 1980 ΑΔ.
287 1918 330 1979 ὦ
353 1929 580 2033 δαῖμον,
607 1929 723 1989 οἵας
747 1925 992 1994 συζύγου
1017 1923 1066 1996 μ’
1100 1925 1438 1998 ἀποστερεῖς.

94 2017 209 2064 ΑΛ.
278 2011 371 2065 καὶ
393 2008 505 2081 μὴν
530 2007 817 2065 σκοτεινὸν
841 2033 987 2080 ομμα
1014 2034 1121 2081 μου
1151 2014 1472 2083 βαρύνεται.
1672 2026 1756 2070 385

93 2103 213 2150 AA.
282 2091 629 2166 άπωλόμην’
607 2092 687 2164 άρ’
694 2138 708 2163 ,
739 2102 794 2149 εἴ
810 2118 876 2164 με
903 2093 971 2166 δὴ
997 2102 1234 2165 λείψεις,
1263 2098 1446 2204 γυναι,

96 2187 209 2234 ΑΛ.
282 2203 355 2244 ως
380 2175 563 2235 οὐκέτ’
590 2180 766 2234 οὖσαν
792 2177 1020 2234 ουδεν”
986 2204 1056 2236 αν
1080 2183 1259 2252 λέγοις
1284 2185 1393 2254 ἐμέ.

99 2272 214 2319 ΑΔ.
283 2261 464 2333 όρθου
490 2263 813 2366 πρόσωπον,
840 2263 913 2334 μὴ
940 2272 1102 2338 λίπῃς
1127 2272 1327 2332 παῖδας
1351 2269 1537 2323 σέθεν.

98 2356 210 2404 ΑΛ.
280 2372 348 2416 ου
373 2345 506 2418 δῆθ’
536 2348 741 2405 ἑκοῦσά
763 2345 829 2419 γ’,
855 2346 996 2404 άλλα
1019 2351 1238 2422 χαίρετ’,
1268 2375 1310 2407 ω
1335 2354 1514 2407 τέκνα.

96 2441 214 2487 ΑΛ.
284 2435 491 2503 βλέψον
536 2433 671 2502 πρὸς
727 2430 931 2498 αυτοῦς
978 2438 1200 2505 βλέψον
1271 2445 1387 2492 ΑΛ.
1437 2434 1604 2492 οὐδέν
1654 2442 1746 2507 εἰμ

847 2524 941 2574 ἔτι.
1668 2534 1754 2578 390

101 2610 216 2656 ΑΔ.
285 2608 344 2657 τί
363 2606 528 2676 δρᾷςς
556 2609 900 2674 προλείπεις;
947 2611 1065 2659 ΑΛ.
1090 2601 1248 2675 χαῖρ’.
1302 2614 1426 2660 ΛΔ.
1453 2602 1751 2676 ἀπωλόμην

846 2690 1025 2752 τάλας.

107 2776 213 2824 XO.
284 2773 546 2841 βέβηκεν,
572 2770 749 2828 οὐκέτ’
779 2779 928 2828 ἔστιν
951 2769 1224 2844 Ἀὃμήτου
1250 2777 1412 2845 γυνή.

238 2868 383 2898 evam.
420 2870 521 2900 vot.
559 2857 592 2900 1.
1442 2854 1477 2903 2
