2022 3126
237 1083 312 1135 10

763 544 1386 603 ΕΥΡΙΠΙΔΟΥ

639 708 1500 785 ΗΡΑΚΛΕΙΔΑΙ.

900 941 1237 949 ,Μ

418 1074 602 1131 Πάλαι
627 1069 750 1129 ποτ’
780 1075 894 1129 ἐστὶ
917 1070 1067 1129 τοῦτ’
1098 1074 1216 1145 ἐμοὶ
1243 1074 1608 1146 δεδογμένον·

423 1157 454 1217 ὃ
476 1159 577 1232 μὲν
602 1164 814 1223 δίκαιος
840 1172 952 1224 τοῖς
977 1161 1143 1224 πέλας
1168 1156 1366 1230 πέφυκ’
1399 1156 1558 1231 ἀνήρ,

417 1241 449 1300 ὂ
476 1249 525 1300 δ’
559 1251 633 1309 εἰς
657 1242 718 1300 τὸ
742 1244 939 1315 κέρδος
963 1240 1090 1315 λῆμ’
1121 1250 1263 1315 ἔχων
1285 1242 1580 1317 ἀνειμένον

418 1331 573 1387 πόλει
598 1327 643 1386 τ’
673 1326 938 1401 ἄχρηστος
963 1331 1056 1384 καὶ
1080 1329 1485 1386 συναλλάσσειν
1509 1331 1701 1402 βαρύς,

419 1413 570 1490 αὐτῷ
597 1412 649 1471 δ’
679 1412 924 1485 ἄριστος·
955 1414 1079 1471 οἶδα
1105 1412 1157 1470 δ’
1189 1412 1256 1471 οὗ
1283 1416 1429 1490 λόγῳ
1454 1416 1671 1487 μαθών.
1868 1433 1894 1474 5

417 1500 522 1573 ἐγώ
549 1501 652 1573 γὰρ
680 1505 830 1557 αἰδοῖ
850 1502 944 1556 καὶ
966 1499 1026 1556 τὸ
1055 1504 1319 1572 συγγενὲς
1343 1503 1541 1574 σέβων,

417 1585 541 1654 ἐξὸν
564 1584 684 1643 κατ’
708 1583 910 1659 ’Ἀργος
937 1583 1156 1658 ἡσύχως
1179 1592 1389 1657 ναίειν,
1417 1587 1608 1643 πόνων

414 1679 688 1729 πλείστων
711 1674 974 1743 μετέσχον
1001 1668 1077 1737 εἷς
1102 1669 1243 1779 ἀνὴρ
1269 1670 1579 1746 Ηρακλέει,

415 1755 496 1813 οτ’
525 1750 597 1830 ἦν
619 1754 750 1830 μεθ’
781 1755 964 1829 ἡμῶν·
991 1764 1099 1813 νῦν
1125 1755 1176 1813 δ’
1208 1759 1326 1814 ἐπεὶ
1349 1755 1469 1814 κατ’
1500 1755 1746 1830 οὖρανον

414 1850 587 1914 ναίει,
614 1867 679 1899 τα
704 1849 895 1899 κείνου
921 1839 1070 1899 τέκν’
1102 1849 1242 1914 ἔχων
1265 1841 1374 1900 ὑπὸ
1401 1857 1620 1915 πτεροῖς
1841 1859 1890 1900 10

412 1929 563 1996 σώζω
590 1926 710 1984 τάδ’
742 1925 908 1993 αὐτὸς
934 1929 1196 2000 δεόμενος
1220 1934 1504 2000 σωτηρίας.

411 2016 529 2070 ἐπεὶ
553 2012 657 2086 γὰρ
689 2010 875 2069 αὐτῶν
898 2019 995 2085 γῆς
1023 2010 1350 2086 ἀπηλλάχθη
1376 2013 1571 2086 πατήρ,

410 2106 632 2171 πρῶτον
656 2100 757 2170 μὲν
784 2095 922 2170 ἡμᾶς
953 2095 1115 2170 ἤθελ’
1143 2096 1484 2169 Εὐρυσθεὺς
1509 2111 1760 2156 κτανεῖν·

410 2182 533 2241 ἀλλ’
563 2187 885 2257 ἐξέδραμεν·
914 2185 1006 2239 καὶ
1031 2183 1186 2250 πόλις
1211 2183 1311 2256 μὲν
1336 2193 1557 2255 οἴχεται,

407 2269 555 2342 ψυχὴ
587 2266 638 2326 δ’
674 2269 875 2341 ἐσώθη.
909 2268 1192 2341 φεύγομεν
1219 2267 1270 2325 δ’
1301 2267 1577 2342 ἀλώμενοι
1832 2286 1883 2328 15

409 2353 582 2428 ἄλλην
607 2352 700 2412 ἀπ’
731 2352 898 2426 ἄλλης
923 2357 1250 2426 ἐξορίζοντες
1277 2357 1456 2412 πόλιν.

407 2440 543 2512 πρὸς
571 2454 684 2506 τοῖς
707 2439 812 2513 γὰρ
839 2437 1024 2504 ἄλλοις
1049 2442 1140 2495 καὶ
1175 2438 1291 2497 τόδ’
1330 2439 1670 2513 Εὐρυσθεὺς
1695 2453 1882 2507 κακοῖς

407 2523 635 2598 ὕβρισμ’
666 2529 718 2591 ἐς
744 2523 881 2598 ἡμᾶς
906 2523 1138 2597 ἠξίωσεν
1165 2523 1416 2598 ὑβρίσαι·

406 2614 638 2682 πέμπων
656 2614 799 2670 ὅπου
816 2620 914 2684 γῆς
939 2609 1289 2667 πυνθάνοιθ’
1321 2614 1654 2684 ἱδρυμένους

403 2697 647 2768 κήρυκας
675 2700 873 2763 ἐξαιτεῖ
899 2719 955 2752 τε
980 2693 1254 2769 κάξείργει
1278 2697 1499 2768 χθονός,
1822 2711 1876 2752 20

405 2782 569 2838 πόλιν
593 2788 902 2853 προτείνων
918 2779 1120 2853 Ἀργος
1145 2779 1212 2838 οὐ
1237 2782 1476 2854 σμικρὰν
1501 2789 1673 2854 φίλην

402 2867 610 2939 ἐχθράν
635 2890 691 2923 τε
717 2870 950 2937 θέσθαι,
977 2863 1183 2938 χαὺτὸν
1209 2864 1543 2939 εὐτυχοῦνθ’
1573 2864 1699 2938 ἅμα.
