2022 3126
96 1701 203 1750 XO.

88 1955 205 2005 OA.

806 128 1052 175 EKABH
1661 132 1762 183 149

291 269 481 338 [ταύτῃ
510 269 720 336 γέγηθα
749 267 1126 342 κάπιλήθομαι
1153 282 1339 331 κακῶν
1350 284 1384 346 ·]

294 344 383 417 ἥδ’
415 347 536 404 ἀντὶ
559 356 780 404 πολλῶν
803 353 920 406 ἐστι’
936 375 1027 421 μοι
1054 356 1365 427 παραψυχή,
1677 372 1760 415 280

299 432 454 498 πόλις
477 433 678 505 τιθήνη
704 435 946 505 βάκτρον
972 433 1194 507 ἡγεμών
1220 437 1370 495 ὁδοῦ.

295 513 362 571 οὐ
386 516 513 582 τοὺς
535 525 873 588 κρατοῦντας
896 519 998 591 χρὴ
1023 536 1246 591 κρατεῖν
1271 521 1305 578 ὁὶ
1328 523 1400 595 μὴ
1427 524 1620 596 χρεῶν,

295 598 417 655 οὐδ’
448 599 814 672 εὐτυχοῦντας
841 597 905 659 εὖ
929 609 1115 660 δοκεῖν
1138 608 1366 675 πράξειν
1391 606 1502 664 ἀεί·

291 682 440 756 κάγῶ
468 685 572 756 γὰρ
616 677 649 756 ἧ
691 686 813 742 ποτ’
821 687 999 758 ,ἄλλα
1022 697 1131 745 νῦν
1155 714 1257 746 ουκ
1285 691 1393 763 εἴμ’
1424 700 1519 764 ἔτι,

289 768 386 823 τὸν
411 770 587 825 πάντα
613 768 665 826 δ’
694 769 863 843 όλβον
887 766 1030 844 ἦμαρ
1059 777 1119 829 ἕν
1143 773 1197 845 μ’
1226 774 1390 848 άφείλ
1396 801 1500 834 ετο.
1675 795 1757 838 285

292 850 414 908 ἀλλ’
444 847 487 908 ῶ
513 861 679 927 φίλον
704 860 946 928 γένειον,
974 861 1268 931 αἰδέσθητί
1285 885 1367 932 με,

289 947 586 1009 οἵκτειρον·
621 940 806 996 ε’λθῶν
832 940 885 997 δ’
916 949 991 1007 εἰς
1010 941 1263 1014 Ἀχαικόν
1288 946 1521 1015 στρατὸν

286 1021 703 1096 παρηγόρησον,
732 1023 804 1090 ῶς
828 1024 1177 1084 αποκτείνειν
1203 1031 1419 1102 φθόνος

285 1120 576 1178 γυναῖκας,
605 1134 667 1174 ας
690 1109 750 1166 τὸ
777 1118 996 1182 πρῶτον
1022 1110 1125 1169 οὐκ
1150 1117 1424 1171 ἐκτείνατε

282 1196 486 1262 βωμῶν
504 1191 947 1267 ἀποσπάσαντες,
975 1195 1097 1253 αλλ’
1128 1196 1436 1273 ῷκτείρατε.
1670 1217 1753 1260 290

279 1275 447 1345 νόμος
471 1281 505 1331 δ
511 1274 523 1295 '
554 1281 614 1333 ἐν
638 1276 771 1350 ὑμῖν
795 1294 908 1346 τοῖς
931 1279 980 1337 τ’
1009 1285 1328 1355 ἐλευθέροις
1354 1295 1468 1350 ἴσος

279 1362 369 1414 καὶ
396 1374 536 1417 τοῖσι
562 1364 783 1429 δούλοις
811 1370 1034 1436 αἵματος
1059 1382 1232 1423 κεῖται
1258 1372 1400 1441 πέρι.

277 1443 337 1498 τὸ
363 1441 416 1499 δ’
444 1443 681 1518 ἀξίωμα,
709 1446 814 1503 κᾶν
838 1457 1018 1516 κακῶς
1045 1455 1201 1524 λέγῃ,
1229 1452 1287 1509 τὸ
1314 1453 1414 1510 σὸν

277 1535 480 1584 πείσει·
513 1531 674 1602 λόγος
698 1532 802 1603 γὰρ
829 1540 887 1589 ἔκ
911 1533 958 1590 τ’
988 1534 1340 1603 ἀδοξούντων
1369 1538 1468 1594 ἰῶν

276 1636 380 1668 κακ
406 1621 517 1669 τῶν
543 1618 863 1673 δοκούντων
889 1617 1054 1685 αὐτὸς
1079 1620 1145 1677 οὐ
1170 1620 1374 1678 ταύτὸν
1398 1625 1605 1680 σθένει.
1663 1639 1745 1682 295

279 1695 381 1752 οὐκ
407 1705 555 1755 ἔστιν
578 1698 723 1756 οὕτω
749 1703 975 1775 στερρὸς
1001 1703 1308 1777 ἀνθρώπου
1335 1709 1522 1780 φύσις,

275 1779 391 1851 ἥτις
417 1784 566 1854 γόων
591 1792 706 1840 σῶν
731 1789 824 1842 καὶ
847 1796 1075 1859 μακρῶν
1100 1789 1430 1863 ὀδυρμάτων

273 1867 520 1923 κλύουσα
545 1870 794 1940 θρήνους
821 1872 923 1927 οὐκ
949 1898 1018 1928 αν
1046 1876 1268 1947 ἐκβάλοι
1293 1878 1489 1948 δάκρυ.

267 1947 492 2023 Εκάβη,
520 1955 789 2011 διδάσκου
814 1958 952 2028 μηδε
976 1966 1049 2034 τῷ
1076 1964 1417 2036 θυμουμένω

271 2033 369 2091 τὸν
395 2039 458 2092 εὐ
484 2041 715 2109 λέγοντα
743 2046 991 2114 δυσμενῆ
1015 2052 1179 2100 ποιοῦ
1206 2053 1390 2118 φρενί.
1655 2061 1742 2103 300

273 2120 378 2191 ἐγώ
405 2121 463 2177 τὸ
491 2147 592 2228 μεν
616 2124 716 2180 σὸν
741 2125 880 2198 σῶμ’
909 2126 1012 2199 ὑφ’
1043 2122 1217 2203 οὗπερ
1235 2129 1516 2203 ηυτύχουν

271 2205 510 2273 σῶζειν
489 2210 698 2280 ε’τοιμός
724 2217 832 2282 εἰμι
855 2236 993 2269 κουκ
1012 2212 1194 2305 άλλως
1221 2219 1388 2287 λέγω·

272 2286 306 2343 ἃ
331 2288 381 2346 δ’
413 2291 568 2348 εἷπον
594 2316 668 2359 εις
694 2319 938 2364 απαντας
962 2295 1064 2355 οὐκ
1091 2296 1414 2373 αρνησομᾱυ,

277 2380 471 2445 Τροίας
495 2374 730 2451 ἁλούσης
754 2378 918 2452 ἀνδρὶ
941 2390 1017 2458 τῷ
1041 2386 1240 2460 πρώτω
1264 2393 1500 2457 στρατοῦ

265 2456 369 2529 σὴν
391 2467 561 2517 παῖδα
586 2468 784 2521 δοῦναι
809 2468 1052 2540 σφάγιον
1076 2473 1457 2545 ἐξαιτουμένω.
1652 2487 1734 2529 305

269 2544 330 2597 ἐν
352 2550 492 2618 τῷδε
513 2571 616 2618 γαρ
643 2550 952 2621 κάμνουσιν
980 2578 1035 2609 αι
1060 2557 1257 2611 πολλαὶ
1281 2555 1482 2626 πόλεις,

266 2623 400 2683 όταν
422 2654 503 2696 τις
529 2633 729 2700 ἐσθλὸς
752 2639 845 2691 καὶ
869 2638 1160 2710 πρόθυμος
1185 2636 1264 2695 ῶν
1288 2639 1428 2713 ἀνὴρ

264 2712 439 2783 μηδεν
463 2718 696 2787 φέρηται
720 2727 832 2776 τῶν
854 2723 1131 2779 κακιόνων
1155 2728 1339 2781 πλέον.

263 2792 395 2867 ἡμιν
421 2796 474 2853 δ’
499 2797 777 2871 Ἀχιλλεὺς
802 2803 948 2871 άξιος
971 2815 1154 2879 τιμῆς,
1180 2811 1362 2880 γύναι,

261 2880 458 2937 θανών
481 2880 621 2953 ὑπὲρ
648 2893 747 2956 γῆς
764 2886 1017 2956 Ἑλλάδος
1044 2893 1284 2949 κάλλιστ’
1314 2893 1470 2965 ἀνήρ.
1643 2909 1729 2951 310
