2022 3126
252 70 356 126 378

921 72 1260 119 ΙΚΕΤΙΔΕΣ

447 219 663 286 ἔχοιμεν
689 210 1009 283 ἀλλήλοισιν
1033 202 1112 266 ῶν
1136 212 1356 266 πένοιτο
1383 217 1468 282 γῆ.
1838 229 1922 273 210

446 295 481 354 ἃ
505 294 552 354 δ’
579 294 689 354 ἔστ’
720 293 900 368 ἄσημα
925 292 1028 352 κοῦ
1057 302 1235 366 σαφῆ,
1272 297 1653 369 γιγνώσκομεν

446 389 522 448 εἰς
546 388 658 455 πῦρ
683 383 1000 454 βλέποντες,
1027 384 1116 436 καὶ
1137 381 1273 436 κατὰ
1294 385 1623 453 σπλάγχνων
1642 385 1846 455 πτυχὰς

445 469 667 540 μάντεις
692 472 1169 540 προσημαίνουσιν
1192 470 1409 521 οἰωνῶν
1432 465 1482 521 τ’
1518 465 1641 523 ἄπο.

443 546 532 624 ἆρ’
561 550 629 608 οὗ
658 557 959 625 τρυφῶμεν
982 557 1124 607 θεοῦ
1150 551 1497 623 κατασκευὴν
1523 559 1628 628 βίω

445 636 639 703 δόντος
661 637 951 708 τοιαύτην,
978 632 1125 692 οἷσιν
1152 633 1256 691 οὐκ
1282 633 1445 706 ἀρκεῖ
1464 638 1623 704 τάδε;
1837 653 1921 695 215

445 720 566 780 ἀλλ’
595 720 629 795 ἡ
654 722 924 794 φρόνησις
947 727 1046 777 τοῦ
1071 726 1214 777 θεοῦ
1240 728 1424 792 μεῖζον
1449 725 1676 779 σθένειν

442 816 612 881 ζητεῖ,
640 806 699 864 τὸ
724 813 936 880 γαῦρον
961 811 992 862 δ
1001 804 1012 824 '
1043 809 1104 862 ἐν
1129 807 1330 878 φρεσὶν
1355 810 1679 879 κεκτημένοι

444 899 721 965 δοκοῦμεν
750 892 891 949 εἶναι
917 891 1200 963 δαιμόνων
1224 891 1551 964 σοφώτεροι.

443 971 507 1052 ἧς
531 980 623 1034 καὶ
646 977 717 1034 σὺ
743 984 931 1049 φαίνει
957 976 1190 1041 δεκάδος
1216 974 1282 1032 οῦ
1311 977 1485 1048 σοφὸς
1509 978 1701 1050 γεγώς,

443 1060 591 1129 ὅστις
615 1065 783 1134 κόρας
806 1064 908 1135 μὲν
932 1061 1235 1134 θεσφάτοις
1261 1068 1475 1133 Φοίβου
1501 1065 1681 1134 ζυγεὶς
1841 1078 1923 1121 220

445 1151 683 1217 ξένοισιν
708 1141 808 1204 οἷδ’
838 1152 1045 1213 ἔδωκας
1072 1144 1143 1212 ῶς
1168 1147 1387 1214 ζεόντων
1410 1155 1582 1218 θεῶν,

444 1233 698 1305 λαμπρὸν
723 1233 785 1289 δὲ
806 1239 1028 1307 θολερῷ
1056 1237 1212 1303 δῶμα
1237 1235 1507 1303 συμμίξας
1531 1232 1591 1288 τὸ
1618 1231 1719 1289 σὸν

445 1315 696 1390 ἥλκωσας
721 1326 934 1383 οἴκους·
962 1323 1102 1389 χρῆν
1125 1315 1231 1389 γὰρ
1256 1314 1384 1373 οὔτε
1410 1318 1632 1389 σώματα

446 1401 612 1460 ἄδικα
635 1409 871 1469 δικαίοις
894 1401 992 1458 τὸν
1016 1401 1196 1473 σοφὸν
1220 1403 1614 1474 συμμιγνύναι,

448 1486 920 1561 εὐδαιμονοῦντας
943 1485 990 1544 δ’
1021 1493 1095 1553 εἰς
1115 1487 1319 1558 δόμους
1336 1494 1574 1544 κτᾶσθαι
1600 1492 1813 1558 φίλους.
1839 1504 1920 1546 225

447 1573 635 1640 κοινὰς
659 1573 762 1646 γὰρ
789 1570 817 1630 ὁ
845 1572 979 1638 θεὸς
1003 1571 1097 1637 τὰς
1125 1573 1291 1643 τύχας
1316 1569 1622 1644 ἡγούμενος

447 1672 559 1725 τοῖς
582 1666 682 1715 τοῦ
707 1664 1007 1723 νοσοῦντος
1031 1658 1276 1729 πήμασιν
1305 1657 1534 1714 διώλεσε

447 1743 544 1800 τὸν
571 1743 638 1800 ού
662 1750 937 1800 νοσοῦντα
961 1741 1166 1800 κούδὲν
1190 1740 1505 1814 ἠδικηκότα.

447 1835 522 1894 είς
548 1830 609 1886 δὲ
632 1835 924 1901 στρατείαν
946 1829 1154 1894 πάντας
1174 1827 1456 1900 Ἀργείους
1479 1827 1648 1900 ἄγων,

445 1914 697 1986 μάντεων
721 1914 1000 1986 λεγόντων
1024 1911 1282 1985 θέσφατ’,
1311 1911 1409 1969 εἶτ’
1441 1911 1703 1985 ἀτιμάσας
1837 1927 1923 1971 230

447 2005 543 2073 βίᾳ
568 1998 868 2071 παρελθών
892 1997 1064 2063 θεοὺς
1090 1997 1374 2064 ἀπώλεσας
1401 1998 1581 2068 πόλιν,

447 2087 593 2149 νέοις
621 2090 953 2155 παραχθείς,
981 2088 1180 2148 οἵτινες
1204 2083 1498 2154 τιμώμενοι

445 2175 699 2240 χαίρουσι
723 2170 994 2238 πολέμους
1020 2166 1067 2223 τ’
1096 2166 1396 2235 αύξάνουσ’
1430 2166 1567 2224 ἄνευ
1595 2173 1769 2239 δίκης,

449 2260 779 2326 φθείροντες
805 2251 1030 2323 ἀστούς,
1059 2252 1091 2307 ὃ
1110 2253 1212 2324 μὲν
1235 2250 1382 2318 ὅπως
1407 2259 1764 2326 στρατηλατῇ,

445 2336 477 2394 ὅ
504 2337 556 2394 δ’
587 2336 659 2404 ῶς
683 2336 879 2411 ὑβρίζῃ
906 2335 1146 2408 δύναμιν
1174 2344 1249 2403 εἰς
1273 2351 1456 2409 χεῖρας
1481 2338 1684 2410 λαβών,
1837 2351 1921 2395 235

448 2423 609 2488 ἄλλος
638 2424 698 2479 δὲ
722 2426 954 2495 κέρδους
993 2421 1178 2493 εἵνεκ’,
1215 2421 1318 2479 οὐκ
1346 2421 1680 2479 ἀποσκοπῶν

446 2506 506 2564 τὸ
531 2514 750 2579 πλῆθος
777 2517 900 2564 εἴτι
924 2507 1219 2579 βλάπτεται
1246 2509 1454 2579 πάσχον
1482 2509 1628 2564 τάδε.

453 2606 598 2662 τρεῖς
622 2592 727 2664 γὰρ
755 2598 995 2649 πολιτῶν
1019 2598 1239 2663 μερίδες
1255 2612 1265 2622 ·
1292 2599 1349 2649 οἳ
1366 2593 1467 2664 μὲν
1492 2591 1669 2664 ὄλβιοι

449 2676 755 2750 ἀνωφελεῖς
778 2700 836 2733 τε
864 2677 1142 2733 πλειόνων
1166 2676 1213 2733 τ’
1243 2674 1405 2749 ἐρῶσ’
1436 2675 1545 2734 ἀεί·

451 2767 508 2819 οἳ
528 2760 579 2818 δ’
609 2759 711 2818 οὐκ
741 2768 956 2833 ἔχοντες
982 2763 1074 2818 καὶ
1099 2769 1451 2831 σπανίζοντες
1473 2769 1621 2835 βίου,
1837 2773 1923 2816 240

451 2849 626 2903 δεινοὶ
651 2849 909 2917 νέμοντες
931 2853 1006 2920 τῷ
1032 2847 1231 2922 φθόνῳ
1257 2848 1423 2903 πλέον
1452 2847 1614 2918 μέρος
