2022 3126
223 113 305 153 DE
338 112 661 155 CODICIBVS
690 112 1039 153 EVRIPIDEIS
1069 112 1150 153 ΕΤ
1179 113 1571 154 EDITIONIBVS
1631 113 1783 155 XLIII

259 238 420 287 Altera
459 236 681 285 codicum
722 235 915 292 classiS,
963 238 1102 284 cuius
1140 237 1360 300 exempla
1399 252 1529 287 nunc
1565 246 1787 303 prostant

154 308 457 371 paucissima,
497 306 797 368 undeviginti
833 305 1022 354 fabulas
1048 305 1298 369 complexa
1339 312 1425 354 est.
1478 308 1619 358 istius
1657 309 1784 358 ordi-

154 378 243 431 nis,
282 377 322 423 31
359 375 573 439 pretium
610 382 818 438 spectes,
857 377 1024 439 priore
1059 375 1307 424 inferioris
1343 374 1394 423 hi
1432 385 1545 424 sunt
1580 378 1715 427 libri:

256 460 301 506 A
339 458 495 506 codex
530 457 820 506 Harleianus
858 460 993 507 5743
1031 460 1400 507 recentissimus
1448 462 1628 514 saeculi
1663 461 1785 518 XVI,

153 529 411 575 continens
449 526 708 576 Alcestidis
745 527 1086 590 fragmentum,
1126 527 1360 584 Rhesum,
1400 527 1633 578 Troades.
1707 546 1785 578 ex-

152 604 305 644 trema
344 597 590 645 Troadum
627 611 742 661 pars
782 597 897 658 (611
939 598 1062 661 sqq.)
1101 599 1379 647 recentiore
1426 613 1573 646 manu
1611 600 1784 663 scripta

153 681 178 713 e
218 665 344 714 libro
383 668 470 730 qui
506 667 769 716 Havniensi
807 665 1082 716 simillimus
1118 667 1208 715 fuit
1244 667 1450 731 repetita
1490 674 1578 716 est.

255 749 304 796 B
361 749 515 797 codex
570 749 668 799 Pal.
728 752 828 799 287
885 749 1288 799 membranaceus
1344 750 1528 800 saeculi
1582 751 1786 800 fortasse

151 818 268 873 XIV,
310 820 566 868 continens
606 819 794 882 (ordine
822 819 1017 883 quidem
1054 819 1263 882 diverso)
1303 819 1404 869 Alc.
1431 820 1582 869 Andr.
1610 821 1786 870 Bacch.

135 888 347 937 Heracl.
402 888 572 953 Suppl.
621 890 766 953 Hipp.
818 888 924 952 Iph.
975 891 1030 938 A.
1079 889 1185 951 Iph.
1235 889 1292 938 T.
1329 888 1434 938 Ion.
1485 889 1613 954 Cycl.
1661 891 1786 938 Med.

154 957 297 1007 Rhes.
326 958 439 1007 Tro.
483 974 594 1007 cum
621 959 809 1007 Danaes
849 958 1049 1007 exordio
1087 960 1255 1022 spurio
1295 958 1353 1022 (v.
1382 960 1497 1008 Eur.
1526 961 1588 1009 fr.
1619 962 1784 1019 1117).

259 1041 298 1088 0
329 1041 484 1089 codex
520 1042 650 1091 Flor.
680 1041 869 1097 XXXII,
911 1044 940 1089 2
980 1041 1266 1092 chartaceus
1291 1042 1471 1091 saeculi
1497 1042 1616 1099 XIV,
1657 1052 1785 1093 cont.

151 1110 401 1174 Euripidis
438 1111 628 1160 fabulas
655 1112 1000 1174 duodeviginti,
1041 1120 1174 1161 caret
1199 1112 1476 1161 Troadibus
1504 1121 1551 1161 et
1575 1113 1762 1161 Baccha

150 1196 260 1229 rum
300 1182 396 1229 fine
436 1181 804 1246 (756—1392).
866 1181 1105 1230 lectiones
1142 1182 1285 1230 huius
1322 1182 1436 1231 libri
1472 1184 1523 1230 in
1560 1182 1788 1232 Matthiae

151 1250 365 1299 editione
411 1266 584 1315 parum
633 1256 860 1301 accurate
902 1251 1144 1300 indicatae
1191 1260 1329 1308 sunt,
1377 1252 1510 1317 quod
1558 1252 1785 1301 damnum

149 1319 382 1369 Parisinis
421 1321 713 1386 apographis
751 1321 1055 1386 aliquatenus
1091 1328 1364 1386 reparatur.

254 1403 324 1452 Ex
363 1404 456 1453 hoc
497 1412 763 1468 conspectu
800 1404 941 1453 facile
980 1411 1183 1468 apparet
1208 1411 1310 1453 tres
1347 1404 1550 1463 fabulas,
1578 1406 1684 1456 Hel.
1713 1406 1787 1456 El.

151 1472 291 1523 Herc.
331 1474 410 1528 F„
460 1489 558 1522 uno
606 1476 693 1523 niti
740 1475 910 1524 codice
957 1472 1089 1539 0⁹2);
1139 1473 1329 1523 duobus
1379 1475 1518 1523 libris
1564 1476 1613 1525 B
1650 1483 1698 1525 et
1734 1478 1785 1533 C,

151 1556 360 1603 quorum
397 1543 445 1591 B
483 1559 601 1607 prae
649 1543 803 1592 altero
850 1544 945 1592 fide
984 1544 1161 1607 dignus
1200 1551 1294 1601 est,
1342 1559 1432 1594 nos
1469 1547 1540 1594 uti
1578 1547 1628 1594 in
1666 1546 1786 1595 Bac-

150 1609 326 1675 chis93)
378 1612 650 1662 Heraclidis
699 1613 867 1677 Suppl.
906 1613 1009 1677 Iph.
1051 1618 1106 1663 A.
1146 1613 1251 1677 Iph.
1291 1614 1349 1663 T.
1387 1614 1504 1664 Ione
1553 1615 1785 1681 Cyclope;

149 1682 399 1747 aliquanto
437 1683 611 1732 melius
649 1691 809 1732 actum
850 1699 956 1732 esse
998 1684 1059 1732 de
1097 1685 1275 1732 ceteris
1312 1698 1485 1732 novem
1524 1685 1718 1735 fabulis.

255 1765 447 1815 Codicis
494 1768 651 1815 instar
701 1773 774 1814 est
820 1763 1034 1830 Χριστὸς
1070 1764 1299 1829 πάσχων,
1350 1767 1518 1817 drama
1554 1768 1672 1818 illud
1712 1770 1786 1817 in-

149 1834 349 1891 sulsum,
390 1835 520 1899 quod
559 1838 610 1884 in
649 1835 790 1884 libris
829 1835 1068 1899 Gregorio
1107 1836 1410 1886 Nazianzeno
1447 1837 1574 1887 male
1610 1838 1787 1888 tribui-

148 1914 245 1960 tur,
286 1920 317 1953 a
355 1904 436 1954 Fr.
476 1905 740 1954 Duebnero
778 1907 950 1956 critico
988 1908 1102 1955 usui
1140 1906 1301 1956 habile
1339 1907 1609 1958 redditum:
1649 1911 1787 1958 cuius

150 1976 385 2024 dramatis
441 1982 611 2024 auctor
665 1982 862 2040 praeter
917 1975 1210 2040 Aeschyleas
1268 1977 1451 2042 aliquot
1505 1977 1693 2027 fabulas
1741 1985 1788 2027 et

149 2045 488 2109 Lycophronis
512 2045 836 2094 Alexandram
862 2045 1088 2110 inprimis
1125 2050 1376 2111 usurpavit
1400 2047 1651 2113 Euripidis
1688 2055 1786 2097 tra-

149 2114 347 2176 goedias
394 2123 604 2179 septem,
654 2115 871 2164 Bacchas
927 2115 1177 2165 Hecubam
1216 2116 1532 2181 Hippolytum
1569 2118 1788 2167 Medeam

150 2184 374 2235 Orestem
411 2184 630 2235 Rhesum
668 2185 899 2235 TroadeS.
975 2187 1028 2235 in
1064 2185 1270 2236 Bacchis
1315 2186 1477 2236 Rheso
1514 2188 1787 2237 Troadibus

261 2393 336 2446 92)
368 2394 662 2434 Welckerum
699 2396 739 2436 si
778 2394 962 2447 audias,
1008 2395 1057 2435 111
1094 2395 1363 2436 Atheniensi
1401 2396 1594 2449 quodam
1633 2396 1784 2438 codice

149 2449 366 2503 leguntur
386 2450 582 2491 Hecuba
604 2454 650 2490 et
671 2451 858 2491 Electra
877 2450 1123 2503 Euripidis,
1158 2452 1319 2504 quibus
1343 2452 1514 2493 fabulis
1535 2454 1787 2504 praemissa

150 2506 210 2545 sit
246 2509 411 2558 poetae
441 2508 541 2546 vita
580 2506 815 2547 simillima
853 2508 896 2547 ei
935 2519 1068 2559 quam
1104 2507 1420 2560 Rossignolius
1463 2508 1637 2560 publici
1674 2510 1786 2552 iuris

149 2561 263 2601 fecit
294 2559 357 2612 (v.
389 2561 533 2606 Rhein.
563 2562 677 2602 Mus.
708 2563 765 2605 Ν.
787 2563 839 2603 F.
862 2562 955 2604 vol.
981 2565 1006 2603 3
1028 2576 1071 2615 p.
1090 2564 1173 2605 468
1196 2562 1302 2616 sq.).
1360 2568 1510 2604 utrum
1540 2565 1639 2617 ipse
1661 2564 1784 2605 Wel-

150 2616 259 2657 cker
287 2617 459 2658 viderit
497 2618 699 2658 codicem
730 2618 1055 2659 Atheniensem
1087 2632 1145 2659 an
1176 2620 1233 2660 ab
1265 2619 1372 2659 aliis
1412 2624 1607 2672 accepta
1646 2620 1700 2659 de
1733 2633 1784 2660 eo

149 2672 401 2722 rettulerit,
442 2675 621 2715 nescio:
659 2674 743 2714 hoc
781 2678 910 2714 certa
950 2675 1216 2715 coniectura
1249 2676 1437 2727 assequi
1470 2676 1583 2715 mihi
1611 2675 1784 2725 videor,

149 2726 381 2768 Electram
413 2741 529 2781 quae
567 2729 835 2782 perhibetur
867 2742 968 2771 esse
1001 2730 1192 2771 Orestae
1224 2731 1428 2772 fabulam
1459 2736 1598 2783 atque
1636 2731 1784 2782 ipsum

152 2781 350 2823 codicem
379 2785 615 2837 indignum
646 2798 746 2826 esse
779 2786 857 2838 qui
890 2799 946 2826 ex
977 2786 1069 2826 situ
1100 2786 1407 2839 protrahatur.

261 2838 332 2889 93)
365 2838 499 2880 Certe
530 2843 577 2880 in
597 2842 768 2881 maiore
799 2845 931 2893 parte
953 2841 1257 2893 Baccharum,
1292 2843 1421 2882 cuius
1443 2841 1628 2883 fabulae
1652 2839 1784 2883 finem

149 2891 197 2933 in
225 2892 262 2934 G
292 2893 449 2935 deesse
481 2908 619 2948 supra
648 2897 963 2937 indicavimus.
