2022 3126
77 708 191 757 XO.

75 878 184 926 ΕΛ.

796 139 1044 186 ΕΛΕΝΗ
1638 139 1732 190 211

262 277 366 334 οὐκ
395 277 608 345 ἀξιώσω
632 287 936 333 κατθανεῖν
960 277 1193 348 δάμαρτ’
1225 279 1359 350 ἐγω’;
1657 295 1741 338 850

265 364 498 434 μάλιστά
522 360 578 434 γ’
598 381 610 392 ·
645 368 695 418 εἰ
715 362 819 433 γάρ
848 367 988 417 εἰσιν
1011 367 1066 417 οἱ
1088 365 1213 418 θεοὶ
1236 369 1422 436 σοφοί,

268 446 516 518 εὔψυχον
540 445 717 518 ἄνδρα
741 453 1022 517 πολεμίων
1046 445 1296 503 θανόνθ’
1325 445 1436 504 ὕπο

261 533 450 606 κούφῃ
472 538 944 602 καταμπίσχουσιν
970 534 1030 586 ἐν
1053 532 1246 605 τύμβῳ
1269 538 1453 603 χθονί,

263 616 469 681 κακοὺς
496 614 550 672 δ’
580 613 670 687 ἐφ’
702 619 839 687 ἕρμα
863 615 1090 686 στερεὸν
1115 618 1444 688 ἐκβάλλουσι
1467 624 1583 689 γῆς.

266 694 309 756 ὦ
333 708 487 771 θεοί,
514 702 766 772 γενέσθω
792 701 860 771 δή
878 703 1000 756 ποτ’
1019 698 1243 771 εὐτυχὲς
1268 705 1427 773 γένος
1655 717 1738 760 855

264 784 324 841 τὸ
357 786 688 841 Ταντάλειον
714 787 808 840 καὶ
831 785 1143 856 μεταστήτω
1170 792 1374 841 κακῶν.

266 874 322 926 οἳ
341 867 441 940 ’γω
465 871 721 926 τάλαινα·
749 876 844 941 τῆς
867 871 1031 941 τύχης
1055 868 1159 941 γὰρ
1187 863 1286 925 οἷδ’
1317 876 1419 941 ἔχω
1435 888 1445 898 ·

263 958 545 1023 Μενέλαε,
584 952 1028 1026 διαπεπράγμεθ’
1048 973 1060 984 ·
1093 959 1332 1026 ἐκβαίνει
1364 954 1550 1025 δόμων

264 1037 298 1109 ἡ
326 1039 643 1113 θεσπιῳδὸς
668 1039 877 1110 Θεονόη
896 1058 908 1069 ·
935 1053 1137 1095 κτυπεῖ
1157 1041 1322 1111 δόμος

263 1125 529 1197 κλῄθρων
544 1125 854 1180 λυθέντων.
891 1121 1068 1195 φεῦγ’·
1097 1123 1232 1195 ἀτὰρ
1257 1131 1315 1179 τί
1341 1126 1742 1194 φευκτέον;860

264 1205 486 1265 άποῦσα
507 1210 609 1280 γάρ
635 1226 696 1263 σε
721 1210 813 1264 καὶ
839 1205 1071 1280 παροϋσ’
1095 1207 1405 1281 ἀφιγμένον

265 1291 422 1364 δεῦρ’
451 1293 627 1348 οἶδεν·
656 1286 700 1347 ὦ
725 1293 1010 1364 δύστηνος,
1038 1291 1109 1358 ὡς
1133 1291 1447 1365 ἀπωλόμην.

273 1384 470 1450 Τροίας
499 1378 560 1433 δὲ
584 1380 788 1442 σωθεὶς
813 1376 954 1434 κάπὸ
979 1379 1266 1449 βαρβάρου
1288 1378 1491 1449 χθονὸς

267 1468 343 1526 εἰς
371 1460 606 1533 βάρβαρ’
637 1461 821 1518 ἐλθων
847 1461 1088 1533 φάσγαν’
1119 1456 1286 1528 αὖθις
1312 1467 1548 1534 ἐμπεσεῖ.

79 1553 295 1604 ΘΕΟΝ.
327 1544 468 1619 ἡγοῦ
494 1547 564 1602 σύ
589 1570 681 1617 μοι
708 1551 955 1617 φέρουσα
980 1548 1314 1619 λαμπτήρων
1338 1551 1515 1619 σέλας,
1656 1559 1740 1605 865

265 1638 430 1687 θείου
456 1632 517 1687 δὲ
541 1631 745 1703 σεμνὸν
769 1631 982 1703 θεσμὸν
1006 1635 1231 1703 αἰθέρος
1254 1634 1446 1703 μυχόν,

268 1715 339 1781 ως
362 1723 580 1786 πνεῦμα
606 1716 859 1787 καθαρὸν
885 1715 1132 1789 ούρανοῦ
1157 1718 1443 1789 δεξώμεθα
1459 1736 1469 1746 ·

268 1800 337 1857 σὺ
366 1799 417 1856 δ’
445 1794 519 1856 αὖ
546 1804 823 1857 κέλευθον
850 1811 905 1857 εἴ
923 1826 1003 1866 τις
1028 1809 1268 1873 ἔβλαψεν
1293 1805 1423 1859 ποδὶ

266 1892 501 1957 στείβων
529 1883 761 1960 ἀνοσίῳ,
789 1885 883 1952 δὸς
906 1894 1196 1962 καθαρσίῳ
1222 1895 1405 1959 φλογί,

264 1977 506 2042 κροῦσον
531 1971 591 2026 δὲ
615 1971 855 2042 πεύκην,
883 1976 973 2027 ἵνα
1000 1974 1293 2043 διεξέλθω,
1328 1973 1516 2044 πάρος.
1657 1986 1742 2031 870

264 2055 439 2126 νόμον
464 2057 525 2111 δὲ
547 2055 645 2111 τὸν
669 2055 801 2126 έμόν
826 2066 1043 2112 θεοῖσιν
1071 2055 1378 2113 ἀποδοῦσαι
1406 2059 1573 2113 πάλιν

266 2144 521 2210 ἐφέστιον
546 2138 700 2211 φλόγ’
730 2147 805 2206 είς
831 2142 1034 2212 δόμους
1058 2149 1317 2212 κομίζετε.

259 2222 475 2297 Ἑλένη,
504 2232 562 2280 τί
585 2223 726 2296 τάμά
752 2232 866 2291 πῶς
895 2233 1002 2297 ἔχει
1031 2234 1405 2298 θεσπίσματα;

265 2307 387 2380 ἥκει
413 2310 569 2374 πόσις
595 2328 680 2366 σοι
703 2314 1000 2376 Μενέλεως
1025 2309 1112 2367 ὅδ’
1140 2312 1402 2383 ἐμφανής,

265 2401 412 2450 νεῶν
437 2398 725 2466 στερηθεὶς
749 2402 849 2451 τοῦ
874 2419 932 2452 τε
957 2403 1059 2451 σοῦ
1084 2398 1402 2468 μιμήματος.
1656 2408 1735 2454 875

270 2472 313 2534 ὦ
336 2486 570 2551 τλῆμον,
598 2483 748 2544 οἵους
774 2480 1071 2551 διαφυγών
1096 2474 1267 2550 ἦλθες
1292 2482 1517 2550 πόνους,

266 2561 390 2619 οὐδ’
420 2564 586 2620 οἶσθα
620 2565 821 2620 νόστον
845 2563 1028 2621 οἴκαδ’
1061 2564 1158 2620 εἴτ’
1191 2564 1365 2621 αὐτοῦ
1392 2577 1599 2637 μενεῖς·

268 2654 381 2718 ἔρις
405 2648 509 2719 γὰρ
535 2653 595 2704 ἐν
623 2657 776 2714 θεοῖς
800 2651 1067 2720 σύλλογός
1091 2673 1148 2705 τε
1173 2658 1276 2705 σοῦ
1302 2653 1424 2721 πέρι

269 2738 417 2788 ἔσται
444 2733 717 2805 πάρεδρος
739 2737 877 2805 Ζηνὶ
899 2733 1030 2809 τῷδ’
1062 2738 1121 2789 ἐν
1150 2732 1329 2807 ἤματι.

253 2813 395 2885 ’Ήρα
420 2817 520 2888 μὲν
542 2815 578 2889 ἤ
601 2837 689 2873 σοι
714 2819 989 2890 δυσμενὴς
1017 2820 1291 2889 πάροιθεν
1315 2812 1403 2891 ἦν,
1658 2832 1741 2875 880

266 2908 376 2957 νῦν
400 2904 546 2957 ἐστιν
573 2900 770 2967 εῦνους
791 2909 906 2969 κείς
930 2906 1142 2976 ποίτραν
1176 2911 1347 2960 σῶσαι
1373 2903 1530 2960 θέλει

1379 2985 1442 3034 14
1457 2992 1478 3013 *
