2022 3126
302 445 594 508 ΓΕΝΟΣ
640 404 1114 507 ΕΤΡΙΠῙΔΟΤ
1153 444 1311 506 KAI
1364 446 1585 509 ΒΙΟΣ.

227 583 506 651 Εὐριπίδης
531 584 556 635 ὁ
577 585 779 650 ποιητὴς
805 585 911 645 υἱὸς
939 583 1126 650 ἐγένετο
1146 586 1507 650 Μνησαρχίδου
1526 586 1754 650 καπήλου

126 655 208 706 καὶ
234 660 468 715 Κλειτοῦς
494 656 902 719 λαχανοπώλιδος,
924 653 1189 719 Ἀθηναῖος
1213 654 1319 720 μέν,
1346 655 1596 721 ἐγεννήθη
1622 654 1676 705 δὲ
1702 657 1755 705 ἐν

126 730 371 790 Σαλαμῖνι
396 725 473 775 ἐπὶ
494 726 708 774 Καλλίου
733 724 965 790 α’ρχοντος
991 724 1112 774 κατὰ
1133 725 1222 789 τὴν
1248 724 1612 790 ἑβδομηκοστὴν
1635 725 1754 790 πέμ-

125 815 253 860 πτην
277 793 615 859 ὀλυμπιάδα,
597 795 676 845 ότε
703 794 1053 859 ἐναυμάχησαν
1077 800 1176 853 τοῖς
1204 793 1420 859 Πέρσαις
1446 796 1496 844 οἷ
1502 795 1754 859 Έλληνες.

108 866 311 930 Υἤσκησε
336 863 390 914 δὲ
414 862 522 914 κατ’
551 863 700 929 αρχὰς
724 864 815 928 μὲν
838 864 1139 930 παγκράτιον
1161 861 1195 928 ἢ
1219 865 1437 930 πυγμήν,
1464 872 1553 914 τοῦ
1575 865 1755 929 πατρὸς
1779 877 1800 909 5

127 933 282 985 αυτοῦ
306 934 523 999 χρησμὸν
545 932 815 998 λαβόντος
799 932 873 984 ότι
901 934 1306 999 στεφανηφόρους
1332 931 1528 1000 ἀγῶνας
1552 934 1756 999 νικήσει.

127 1004 209 1054 καὶ
237 1004 390 1082 φασὶν
415 1002 568 1053 αὐτὸν
589 1002 833 1068 Ἀθήνησι
857 1012 1069 1068 νικῆσαι.
1120 1002 1367 1069 ἀναγνοὺς
1393 1001 1495 1053 δὲ’
1473 1004 1551 1054 επὶ
1575 1024 1757 1071 τραγῳ-

129 1075 244 1128 δίαν
269 1067 475 1138 ἐτράπη,
508 1093 592 1123 και
615 1073 765 1122 πολλὰ
801 1077 1116 1140 προσεξεῦρε,
1150 1073 1418 1139 προλόγους
1435 1076 1758 1152 φυσιολογίας

130 1145 379 1209 ῥητορείας
404 1141 835 1209 ἆναγνωρισμούς,
872 1141 939 1203 ὥς
973 1142 1035 1208 δὴ
1068 1141 1312 1208 ἀκουστὴς
1337 1138 1593 1208 γενόμενος
1614 1141 1758 1193 Ἀνα-

131 1215 337 1280 ξαγόρου
362 1213 444 1262 καὶ
463 1214 714 1278 Προδίκου
734 1213 816 1262 καὶ
837 1213 1188 1279 Πρωταγόρου,
1213 1212 1297 1262 καὶ
1315 1215 1610 1279 Σωκράτους
1636 1213 1761 1263 §rocc-
1784 1227 1824 1258 ιθ

130 1302 227 1348 ρος.
277 1285 414 1334 δοκεῖ
435 1280 489 1332 δὲ
513 1280 649 1351 αύτῳ
681 1282 766 1331 καὶ
791 1283 1058 1348 Σωκράτης
1094 1280 1120 1331 ὁ
1146 1284 1413 1346 φιλόσοφος
1447 1283 1531 1333 καὶ
1557 1285 1760 1348 Μνησί-

130 1359 266 1418 λοχος
293 1335 710 1417 συμπεποιηκέναι
734 1353 861 1416 τινά,
889 1373 956 1412 ως
982 1353 1105 1437 φησὶ
1134 1354 1476 1416 Τηλεκλείδης·

271 1423 587 1486 Μνησίλοχος
613 1420 662 1470 δ’
692 1421 875 1481 ἐκεῖνος
902 1423 1079 1487 φρύγει
1104 1441 1148 1472 τι
1173 1424 1335 1487 δραμα
1360 1422 1535 1472 καινὸν

269 1491 566 1557 Εὐριπίδου,
592 1492 675 1541 καὶ
699 1490 965 1556 Σωκράτης
992 1511 1049 1540 τα
1075 1490 1291 1557 φρύγαν’
1319 1489 1634 1555 ὑποτίθησιν.

134 1563 181 1612 οἳ
206 1560 259 1610 δὲ
284 1560 340 1610 τὰ
367 1561 484 1625 μέλη
509 1559 644 1629 αὐτῷ
667 1561 822 1624 φασὶν
840 1559 1077 1624 Ἰοφῶντα
1102 1567 1262 1611 ποιεῖν
1284 1559 1317 1625 ἢ
1346 1559 1763 1626 ΤιμοκράτηνἈρ-
1787 1574 1826 1606 15

133 1637 280 1697 γεῖον.
325 1630 448 1693 φασὶ
473 1629 528 1680 δὲ
552 1629 704 1680 αὐτὸν
728 1630 810 1680 καὶ
836 1631 1094 1697 ζωγράφον
1110 1630 1345 1696 γενέσθαι
1369 1631 1452 1679 καὶ
1469 1632 1765 1681 δείκνυσθαι

135 1699 290 1750 αὐτου
313 1700 516 1749 πινάκια
542 1700 597 1748 ἐν
622 1701 896 1766 Μεγάροις·
932 1699 1168 1766 γενέσθαι
1192 1699 1247 1749 δὲ
1281 1698 1437 1750 αὐτὸν
1462 1701 1545 1750 καὶ
1569 1703 1763 1766 πυρφό-

135 1790 221 1835 ρον
263 1777 352 1819 τοῦ
394 1771 677 1835 Ζωστηρίου
718 1768 1043 1829 Ἀπόλλωνος·
1087 1775 1398 1836 γεννηθῆναι
1439 1769 1494 1820 δὲ
1535 1779 1594 1838 τῇ
1637 1769 1766 1839 αυτῇ

134 1838 288 1906 ἡμέρα
313 1837 395 1888 καὶ
415 1837 727 1904 Ἑλλάνικον,
764 1839 817 1889 ἐν
841 1844 872 1909 ᾑ
900 1839 1076 1889 ἐνίκων
1099 1838 1191 1904 τὴν
1223 1840 1333 1905 περὶ
1357 1844 1616 1905 Σαλαμῖνα
1642 1861 1766 1890 ναυ-

134 1911 314 1973 μαχίαν
358 1910 409 1959 οἵ
435 1908 696 1995 ΓζΕλληνες·
745 1908 835 1974 ὄίρ
816 1912 996 1959 ασθαι
1039 1908 1093 1958 δὲ
1134 1906 1463 1975 ἀγωνίζεσθαι
1503 1911 1768 1975 γενόμενον
1788 1924 1830 1955 20

138 1979 259 2028 ἐτῶν
283 1977 500 2040 εἰκοσιέξ.
536 1978 735 2043 μετέστη
761 1978 858 2028 δὲ’
836 1999 889 2029 εν
903 1980 1177 2047 Μαγνησία
1201 1980 1285 2030 καὶ
1300 1981 1529 2047 προξενία
1557 1979 1767 2045 ἐτιμήθη

135 2048 219 2098 καὶ
242 2046 444 2116 ἆτελεία.
496 2047 692 2098 ἐκεῖθεν
729 2047 784 2098 δὲ
810 2051 878 2109 εἰς
905 2050 1233 2099 Μακεδονίαν
1266 2049 1376 2115 περὶ
1407 2048 1663 2114 Ἀρχέλαον
1687 2069 1766 2115 γε·

137 2118 340 2183 νόμενος
383 2099 601 2184 διέτριψε
641 2118 724 2168 καὶ
766 2118 1074 2205 χαριζόμενος
1116 2116 1249 2187 αὐτῷ
1291 2121 1452 2185 δρᾶμα
1498 2117 1767 2183 ὁμωνύμως

139 2187 320 2254 ε’γραψε
344 2187 427 2238 καὶ
449 2188 577 2252 μάλα
603 2187 802 2254 ἔπραττε
825 2187 941 2254 παρ’
971 2186 1121 2258 αὐτῷ,
1146 2188 1226 2238 ότε
1250 2189 1333 2238 καὶ
1353 2188 1432 2238 ἐπὶ
1455 2197 1555 2238 τῶν
1580 2190 1767 2252 διοική-

140 2271 265 2307 σεων
290 2256 491 2323 ἐγένετο.
543 2257 724 2323 ἐλέγετο
748 2257 803 2308 δὲ
827 2259 910 2308 καὶ
933 2247 1107 2323 βαθὺν
1130 2259 1344 2324 πώγωνα
1369 2257 1561 2324 θρέψαι
1582 2259 1666 2309 καὶ
1691 2258 1770 2309 ἐπὶ
1792 2271 1832 2303 25

139 2335 224 2392 τῆς
247 2326 412 2391 ὅψεως
438 2327 628 2390 φακοὺς
656 2326 934 2391 ἐσχηκέναι·
960 2334 1173 2394 γυναῖκα
1193 2326 1247 2378 δὲ
1264 2337 1416 2395 γῆμαι
1438 2328 1638 2394 πρώτην
1658 2332 1769 2378 Με-

138 2397 269 2461 λιτῡό,
295 2396 529 2461 δευτέραν
553 2396 607 2446 δὲ
627 2398 881 2463 Χοιρίνην.
925 2398 1007 2448 καὶ
1033 2398 1173 2458 υἵους
1197 2398 1421 2448 κατέλιπε
1445 2404 1589 2463 τρεῖς,
1616 2401 1769 2462 Μνηψ

139 2467 375 2531 σαρχίδην
397 2466 489 2532 μὲν
511 2475 703 2532 πρωτον
728 2467 953 2533 ε’μπορον,
972 2468 1202 2534 δεύτερον
1226 2466 1281 2518 δὲ
1301 2469 1622 2532 Μνησίλοχον
1644 2465 1769 2518 ὑπο-

139 2536 336 2601 κριτήν,
364 2537 608 2587 νεώτατον
632 2538 686 2586 δὲ
710 2535 1060 2603 Εὐριπίδην,
1045 2557 1100 2597 ος
1127 2538 1317 2599 ἐδίδαξε
1342 2546 1429 2588 τοῦ
1453 2533 1632 2603 πατρὸς
1667 2536 1779 2588 ε’νια

142 2605 375 2670 δράματα.
434 2605 613 2691 η’ρξατο
648 2605 703 2656 δὲ
736 2605 988 2658 διδάσκειν
1020 2606 1099 2657 ἐπὶ
1132 2608 1347 2657 Καλλίου
1381 2607 1613 2673 άρχοντος
1647 2606 1768 2656 κατὰ
1792 2625 1832 2656 3ο

141 2671 414 2740 ὀλυμπιάδα
444 2673 776 2741 ὀγδοηκοστὴν
798 2695 997 2742 πρωτην
1020 2677 1117 2728 ἔτει
1139 2677 1328 2744 πρώτῳ.
1372 2685 1567 2744 πρῶτον
1590 2674 1645 2726 δὲ
1670 2676 1766 2725 ἐδί-

143 2743 255 2806 δαξε
280 2745 365 2805 τὰς
392 2745 711 2810 Πελιάδας,”
694 2745 773 2796 ότε
804 2746 887 2797 καὶ
909 2747 1063 2810 τρίτος
1097 2746 1298 2813 ἐγένετο.
1348 2767 1406 2796 τα
1439 2746 1602 2796 πάντα
1627 2743 1676 2794 δ’
1703 2740 1770 2808 ἦν

143 2810 273 2877 αὐτῷ
298 2814 519 2879 δράματα
550 2814 653 2884 ῼβ’,
687 2816 885 2875 σώζεται
918 2814 973 2866 δε
997 2817 1086 2882 οη’.
1136 2817 1321 2866 τούτων
1354 2816 1614 2866 νοθεύεται
1645 2815 1769 2898 τρία,

148 2879 331 2947 Τέννης
361 2881 711 2948 Ῥαδάμανθυς
745 2886 1035 2947 Πειρίθους.
1097 2885 1372 2950 ἐτελεύτησε
1416 2884 1494 2948 δέ,
1540 2883 1606 2981 ὡς
1650 2882 1771 2948 φησὶ
