2022 3126
271 106 374 159 274

247 2562 362 2610 HA.

952 117 1006 162 Η
1004 115 1278 162 ΛΕΚΤΡΑ

468 263 557 313 κεί
576 258 679 328 μὲν
703 257 916 323 πόλεως
941 254 1150 313 ἅλωσιν
1176 255 1469 328 ἐξιώμενος

468 338 503 413 ἦ
526 339 667 415 δῶμ’
695 340 917 414 ὀνήσων
940 340 1112 398 τᾶλλα
1136 339 1185 395 τ’
1214 341 1477 398 ε’κσώσων
1501 342 1667 398 τέκνα
1841 357 1948 398 1025

470 433 681 484 ἔκτεινε
707 433 929 484 πολλῶν
954 434 1088 499 μίαν
1111 423 1283 498 ὕπερ,
1313 424 1629 499 συγγνώστ’
1660 423 1730 483 ἂν
1752 420 1849 499 ἦν·

467 518 578 568 νῦν
602 518 636 569 δ
645 511 658 532 '
691 510 878 584 οὕνεχ’
902 510 1092 584 Ἑλένη
1117 511 1323 584 μάργος
1348 505 1418 583 ἧν
1443 509 1474 568 ὅ
1497 509 1545 568 τ’
1575 505 1650 568 αὖ
1672 512 1862 584 λαβὼν

468 594 670 670 ἄλοχον
695 599 946 667 κολάζειν
973 597 1242 667 προδότιν
1267 595 1370 653 οὐκ
1408 595 1694 670 ἠπίστατο,

469 682 683 739 τούτων
706 687 858 740 ἕκατι
883 680 1035 740 παῖδ’
1070 681 1208 754 ἐμὴν
1237 684 1521 740 διώλεσεν.

468 771 558 824 ἐπὶ
582 774 766 825 τοῖσδε
788 776 986 825 τοίνυν
1009 776 1208 841 καίπερ
1233 766 1539 841 ἠδικημένη
1838 783 1946 826 1030

466 851 570 910 οὐκ
607 850 896 927 ἠγριώμην
931 851 1056 910 οὐδ’
1084 850 1153 910 ἂν
1179 860 1411 910 ἔκτανον
1435 854 1626 910 πόσιν·

465 938 588 995 ἀλλ’
615 933 750 1011 ἦλθ’
786 947 927 1012 ἔχων
950 963 1043 1012 μοι
1067 937 1293 1011 μαινάδ’
1325 946 1526 996 ἔνθεον
1549 940 1723 1012 κόρην

461 1027 710 1097 λέκτροις
732 1022 780 1081 τ’
810 1028 1204 1097 ἐπεισέφρηκε,
1231 1027 1324 1081 καὶ
1347 1025 1542 1097 νύμφα
1567 1025 1672 1081 δύο

464 1114 525 1166 έν
549 1123 725 1167 τοῖσιν
752 1109 940 1176 αὐτοῖς
964 1111 1215 1182 δώμασιν
1239 1109 1447 1182 κατεῖχ’
1485 1110 1644 1183 ὁμοῦ.

462 1202 655 1267 μῶρον
678 1196 780 1267 μὲν
806 1189 911 1252 οὖν
934 1210 1224 1268 γυναῖκες,
1251 1194 1355 1252 οὐκ
1386 1194 1567 1261 ἄλλως
1590 1198 1761 1267 λέγω·
1834 1211 1941 1254 1035

460 1278 594 1336 ὅταν
618 1279 692 1349 δ’,
719 1278 961 1347 ὑπόντος
985 1279 1165 1353 τοῦδ’,
1192 1278 1477 1355 ἁμαρτάνῃ
1501 1281 1659 1345 πόσις

458 1365 664 1422 τᾶνδον
690 1367 949 1438 παρώσας
975 1369 1203 1439 λέκτρα,
1228 1376 1521 1438 μιμεῖσθαι
1547 1368 1705 1422 θέλει

455 1451 601 1523 γυνὴ
627 1451 725 1508 τὸν
750 1450 930 1523 ἄνδρα
955 1449 1190 1524 χᾶτερον
1213 1458 1454 1508 κτᾶσθαι
1482 1459 1655 1524 φίλον
1672 1470 1683 1480 ·

456 1534 672 1594 κᾶπειτ’
702 1542 762 1594 ἐν
789 1536 923 1610 ἡμῖν
948 1536 976 1594 ὁ
1002 1538 1174 1610 ψόγος
1198 1538 1598 1610 λαμπρύνεται,

455 1627 514 1678 οἱ
533 1621 586 1678 δ’
615 1632 782 1679 αἴτιοι
808 1623 981 1680 τῶνδ’
1009 1621 1076 1680 οὐ
1102 1622 1335 1679 κλύουσ’
1366 1622 1567 1696 ἄνδρες
1590 1629 1787 1687 κακῶς.
1831 1638 1940 1681 1040

455 1714 507 1764 εί
532 1706 584 1763 δ’
614 1712 673 1765 ἐκ
700 1709 888 1781 δόμων
911 1707 1160 1781 ἥρπαστο
1184 1712 1486 1776 Μενέλεως
1510 1706 1714 1782 λάθρᾳ,

451 1808 677 1851 κτανεῖν
701 1792 759 1866 μ’
793 1793 1057 1867 Ὀρέστην
1077 1802 1243 1867 χρῆν,
1271 1795 1605 1867 κασιγνήτης
1630 1794 1794 1850 πόσιν

448 1882 746 1936 Μενέλαον
771 1878 842 1947 ὠς
868 1881 1134 1952 σώσαιμι;
1161 1880 1256 1946 σὸς
1280 1882 1340 1937 δὲ
1366 1887 1482 1946 πῶς
1505 1878 1683 1950 πατὴρ

449 1963 698 2036 ἠνέσχετ’
729 1962 798 2020 ἂν
824 1964 980 2022 ταῦτ’
1005 1992 1018 2033 ;
1048 1965 1162 2022 εἶτα
1186 1964 1284 2021 τὸν
1310 1966 1413 2038 μὲν
1437 1963 1504 2022 ού
1529 1974 1732 2021 θανεῖν
1822 1979 1931 2023 1044

448 2057 739 2106 κτείνοντα
765 2057 905 2122 χρῆν
929 2049 1067 2123 τᾶμ’,
1106 2051 1199 2122 ἐμὲ
1225 2051 1287 2107 δὲ
1311 2049 1451 2122 πρὸς
1475 2057 1667 2106 κείνου
1694 2060 1901 2107 παθεῖν
1917 2094 1930 2118 ,

448 2134 671 2207 ἔκτειν’,
702 2139 988 2208 ἐτρέφθην
1009 2134 1187 2208 ἥνπερ
1218 2128 1288 2208 ἦν
1314 2138 1657 2208 πορεύσιμον

448 2219 586 2293 πρὸς
609 2220 738 2286 τοὺς
764 2225 961 2296 ἐκείνῳ
988 2229 1305 2294 πολεμίους.
1343 2229 1526 2292 φίλων
1551 2220 1656 2294 γὰρ
1689 2217 1759 2278 ἂν

445 2313 525 2371 τίς
549 2304 619 2363 ἂν
644 2306 851 2378 πατρὸς
875 2313 980 2363 σοῦ
1007 2307 1188 2378 φόνον
1213 2308 1555 2379 ἐκοινώνησέ
1576 2331 1698 2379 μοις

444 2390 560 2463 λέγ’
591 2401 712 2448 εἴτι
736 2393 948 2466 χρῄζεις
974 2390 1238 2458 κάντίθες
1261 2401 1559 2468 παρρησίᾳ,

439 2473 589 2543 ὅπως
609 2479 849 2549 τέθνηκε
873 2477 966 2543 σὸς
991 2477 1169 2549 πατὴρ
1197 2477 1301 2534 οὐκ
1332 2482 1575 2545 ἐνδίκως,
1811 2494 1925 2535 1050

438 2567 602 2634 δίκην
628 2567 837 2631 ἔλεξας·
866 2562 932 2635 σὴ
963 2568 1090 2635 δίκη
1118 2562 1172 2619 δ’
1204 2570 1442 2635 αἰσχρῶς
1466 2571 1596 2636 ἔχει·

437 2661 676 2718 γυναῖκα
700 2648 805 2721 γὰρ
831 2648 934 2721 χρὴ
953 2649 1132 2704 πάντα
1156 2662 1465 2721 συγχωρεῖν
1489 2650 1667 2724 πόσει,

436 2729 553 2804 ἥτις
579 2735 888 2806 φρενήρης·
917 2726 954 2808 ᾗ
979 2735 1040 2790 δὲ
1064 2733 1137 2806 μὴ
1164 2740 1322 2790 δοκεῖ
1341 2736 1488 2806 τάδε,

436 2816 562 2875 οὐδ’
594 2826 669 2886 εἰς
693 2819 939 2893 ἀριθμὸν
963 2825 1075 2876 τῶν
1101 2824 1247 2890 ε’μεόν
1271 2817 1393 2892 ἥκει
1418 2821 1619 2892 λόγων.
