2022 3126
98 671 211 720 XO.

94 1007 192 1056 10.

94 1683 227 1731 MA.

97 2105 192 2153 ΙΟ.

102 2610 228 2660 MA.

703 104 1148 150 ΗΡΑΚΛΕΙΔΑΙ

286 249 471 299 νικᾶτε
496 240 548 298 δ’
577 242 838 313 ἐχθρούς·
862 239 963 312 ἥδε
991 241 1097 314 γὰρ
1121 242 1269 315 ψυχὴ
1293 244 1441 315 πάρα

284 329 487 382 ἑκοῦσα
510 323 650 382 κούκ
675 323 886 381 ἄκουσα
902 345 912 354 ·
945 322 1377 399 κᾶξαγγέλλομαι

283 410 554 481 θνήσκειν
577 409 839 480 ἀδελφῶν
862 414 1039 465 τῶνδε
1062 408 1344 483 κάμαυτῆς
1366 409 1527 486 ὕπερ.

286 491 497 566 εὕρημα
520 494 624 566 γάρ
651 516 732 549 τοι
755 492 827 566 μὴ
854 493 1224 565 φιλοψυχοῦσ’
1252 496 1358 567 ἐγώ

285 579 576 635 κάλλιστον
595 575 812 652 ηὕρηκ’,
844 575 1080 644 εὐκλεῶς
1103 585 1283 635 λιπεῖν
1305 587 1445 652 βίον.

281 669 390 735 φεῦ
416 669 553 735 φεῦ,
579 669 637 718 τί
658 665 792 730 λέξω
817 665 1106 734 παρθένου
1129 665 1301 735 μέγαν
1326 665 1493 737 λόγον

285 748 499 818 κλύων,
526 745 787 819 ἀδελφῶν
812 744 848 818 ἣ
870 747 1040 819 πάρος
1065 749 1220 803 θέλει
1245 757 1473 818 θανεῖν;

282 831 495 887 τούτων
523 837 603 897 τίς
630 855 699 887 αν
721 834 891 899 λέξειε
916 837 1208 903 γενναίους
1231 833 1429 905 λόγους

284 922 518 987 μᾶλλον,
546 922 626 981 τίς
651 911 720 971 ἂν
745 916 1000 987 δράσειεν
1024 913 1386 989 ἆνθρώπων’
1367 925 1474 986 ε’τι;

284 1024 324 1056 ω
351 1003 571 1070 τέκνον,
599 997 701 1055 οὐκ
729 997 838 1056 ἔστ’
868 998 1107 1057 ἄλλοθεν
1131 1000 1191 1057 τὸ
1217 1001 1318 1058 σὸν
1341 1003 1500 1075 κάρα,

285 1082 409 1140 ἀλλ’
437 1087 489 1151 ἐξ
515 1087 732 1140 ἐκείνου
755 1087 969 1157 σπέρμα
993 1091 1087 1157 τῆς
1112 1093 1270 1151 θείας
1295 1086 1498 1158 φρενὸς

282 1170 533 1240 πέφυκας
548 1166 890 1240 Ηράκλειος·
919 1167 1043 1226 οὐδ’
1073 1171 1400 1243 αἰσχύνομαι

284 1266 395 1318 τοῖς
418 1266 535 1318 σοῖς
557 1253 795 1325 λόγοισι,
820 1260 885 1327 τῇ
911 1254 1046 1327 τύχῃ
1072 1253 1122 1310 δ’
1153 1253 1475 1328 ἀλγύνομαι.

285 1335 406 1393 ἀλλ’
434 1330 470 1411 ᾗ
493 1336 697 1409 γένοιτ’
730 1335 798 1394 σ’ὶν
823 1340 1193 1411 ἐνδικωτέρως
1218 1341 1439 1412 φράσω·

284 1423 458 1487 πάσας
485 1420 729 1493 ἀδελφὰς
752 1428 917 1494 τῆσδε
941 1428 1109 1495 δεῦρο
1134 1423 1235 1496 χρὴ
1261 1433 1466 1495 καλεῖν,

284 1498 418 1580 κᾷθ’
448 1503 480 1577 ἡ
505 1512 749 1577 λαχοῦσα
771 1510 1059 1579 θνῃσκέτω
1087 1510 1282 1579 γένους
1307 1506 1448 1581 ὕπερ
1464 1528 1475 1538 ·

283 1591 344 1646 σὲ
366 1589 422 1646 δ’
454 1588 521 1647 οὐ
547 1595 763 1647 δίκαιον
785 1601 1089 1648 κατθανεῖν
1114 1589 1249 1648 ἄνευ
1275 1594 1470 1650 πάλου.

285 1673 388 1731 οὐκ
413 1672 482 1731 ἂν
505 1676 732 1747 θάνοιμι
754 1682 819 1749 τῇ
843 1677 979 1749 τύχῃ
1002 1674 1229 1747 λαχοῦσ’
1257 1678 1363 1747 ε’γῶ
1378 1698 1388 1707 ·

283 1760 438 1831 χάρις
463 1758 568 1831 γὰρ
594 1757 661 1816 ού
685 1758 943 1833 πρόσεστι
961 1781 972 1790 ·
999 1760 1072 1833 μὴ
1098 1763 1279 1834 λέξῃς,
1304 1764 1486 1835 γέρον.

287 1842 407 1900 ἀλλ’
439 1849 490 1900 εἰ
512 1845 613 1916 μὲν
637 1847 930 1917 ἐνδέχεσθε
954 1848 1046 1902 καὶ
1070 1846 1350 1917 βούλεσθέ
1370 1870 1463 1918 μοι

284 1935 525 2000 χρῆσθαι
549 1927 850 2005 προθύμῳ,
876 1928 977 2002 τὴν
1001 1929 1137 2002 ἐμὴν
1159 1930 1343 2002 ψυχὴν
1367 1931 1472 2004 ε’γῶ

285 2011 484 2085 δίδωμ’
514 2015 716 2070 ἑκοῦσα
740 2012 934 2085 τοῖσδ’,
960 2013 1374 2086 ἀναγκασθεῖσα
1397 2013 1448 2072 δ’
1479 2014 1564 2073 οὕ.

285 2104 418 2168 φεῦ·

286 2179 372 2237 ὅδ’
402 2205 473 2237 αυ
497 2183 659 2254 λόγος
682 2201 769 2240 σοι
791 2189 892 2240 τοῦ
915 2186 1050 2256 πρὶν
1078 2182 1488 2258 εὐγενέστερος·

285 2264 538 2332 κάκεῖνος
562 2269 633 2338 ἠν
658 2265 904 2339 ἄριστος,
932 2266 1054 2324 αλλ’
1081 2265 1414 2342 ὑπερφέρεις

284 2351 454 2452 τόλμῃ
477 2374 535 2407 τε
557 2352 763 2423 τόλμαν
788 2354 881 2408 καὶ
904 2353 1049 2427 λόγῳ
1071 2360 1286 2428 χρηστῶ
1311 2350 1494 2425 λόγον.

288 2458 355 2491 ου
382 2434 491 2506 μὴν
515 2436 724 2493 κελεύω
748 2434 802 2508 γ’
829 2434 954 2493 οὐδ’
983 2436 1301 2507 απεννέπω,
1327 2440 1522 2494 τέκνον

1642 104 1743 154 305

1663 261 1745 304 530

1663 682 1744 726 535

1665 1103 1746 1145 540

1663 1524 1747 1568 545

1666 1949 1748 1990 550

1666 2370 1747 2410 555

286 2519 567 2591 [θνήσκειν
596 2520 664 2589 γ’·
691 2519 969 2594 ἀδελφοὺς
994 2520 1226 2593 ὠφελεῖς
1248 2528 1503 2578 θανοῦσα
1526 2522 1699 2594 σούς].

284 2609 471 2675 σοφῶς
498 2605 768 2671 κελεύεις·
794 2605 868 2678 μὴ
892 2608 1084 2680 τρέσῃς
1106 2606 1403 2679 μιάσματος

285 2685 497 2760 τούμοῦ
522 2704 836 2762 μετασχεῖν,
863 2689 985 2746 ἀλλ’
1015 2694 1323 2762 ἐλευθέρως
1346 2692 1521 2747 θάνω.

286 2775 424 2828 ἕπου
448 2775 535 2844 δέ,
562 2777 799 2847 πρέσβυ·
827 2782 894 2848 σῇ
923 2775 1028 2847 γὰρ
1054 2779 1316 2832 ἐνθανεῖν
1339 2778 1458 2849 χερὶ

954 2857 1087 2881 ’,κ

287 2859 463 2912 θέλω·
491 2860 715 2926 πέπλοις
743 2859 803 2915 δε
829 2866 946 2931 σῶμ
1001 2883 1133 2932 εμον
1153 2861 1370 2934 κρύψον
1394 2859 1612 2931 παρῶν·

233 2955 382 2985 Evam.
419 2956 521 2986 vox„
554 2943 587 2986 Ῑ.
1406 2940 1474 2990 20

1663 2788 1742 2833 560
