2022 3126
793 97 1162 144 ΑΛΚΗΣΤΙΣ

365 236 492 304 [οὐκ
516 244 666 296 ἔστιν
691 236 866 304 οὕτως
891 236 1020 295 οὔτε
1044 237 1247 310 πατρὸς
1273 236 1538 310 εὐγενοῦς
1563 305 1574 315 .

367 320 480 380 οὔτ’
510 324 654 389 εἶδος
678 320 856 389 ἄλλως
881 322 1291 395 εὐπρεπεστάτη
1317 323 1500 395 γυνή]

369 406 490 474 ἅλις
514 410 576 465 δὲ
601 413 846 479 παίδων,
867 408 1034 464 τῶνδ’
1060 408 1257 479 ὄνησιν
1279 408 1507 479 εὔχομαι

367 503 523 560 θεοῖς
546 496 837 566 γενέσθαι·
864 499 969 549 σοῦ
992 492 1099 566 γὰρ
1126 490 1228 548 οὐκ
1261 491 1541 564 ὥνήμεθα.
1759 509 1842 552 335

362 587 494 635 οἴσω
522 580 583 634 δὲ
607 581 813 643 πένθος
838 575 941 633 οὗκ
967 578 1184 649 ἐτήσιον
1211 577 1270 632 τὸ
1301 579 1418 647 σόν,

368 662 491 719 ἀλλ’
521 660 621 719 ἔστ’
652 659 720 718 ἂν
746 661 885 717 αἰών
914 659 1083 733 οὑμὸς
1109 660 1333 734 ἀντέχῃ,
1360 662 1545 733 γύναι,

368 755 592 819 στυγῶν
616 749 717 819 μὲν
742 745 776 818 ἤ
802 745 849 818 μ’
881 754 1120 816 ἔτικτεν,
1151 750 1433 818 ἐχθαίρων
1459 745 1511 803 δ’
1542 747 1675 820 ἐμὸν

372 835 604 906 πατέρα·
633 833 780 907 λόγῳ
807 831 911 903 γὰρ
937 825 1079 903 ἦσαν
1105 829 1208 887 οὐκ
1236 838 1378 906 ἔργω
1404 839 1576 903 φίλοι.

369 917 440 974 σὺ
466 923 499 973 δ
507 915 519 936 ’
549 916 851 974 ἀντιδοῦσά
875 925 969 989 τῆς
999 921 1129 989 ἐμῆς
1154 917 1218 972 τὰ
1245 924 1479 988 φίλτατα
1760 933 1845 977 340

367 1011 546 1075 ψυχῆς
572 1010 796 1068 ἔσωσας.
846 996 951 1075 ἆρά
974 1026 1066 1074 μοι
1090 1005 1305 1058 στένειν
1334 1003 1482 1073 πάρα

369 1086 580 1145 τοιᾶσδ’
612 1086 977 1159 ἁμαρτάνοντι
1003 1087 1246 1159 συζύγου
1272 1090 1470 1155 σέθεν;

370 1174 566 1230 παύσω
592 1175 654 1229 δὲ
676 1172 898 1244 κώμους
923 1179 1223 1244 συμποτῶν
1251 1171 1304 1228 θ’
1333 1171 1548 1245 ὁμιλίας

371 1259 683 1330 στεφάνους
708 1282 766 1314 τε
790 1257 1007 1330 μοῦσάν
1031 1257 1094 1313 θ’
1129 1255 1163 1330 ἣ
1186 1256 1382 1330 κατεῖχ’
1411 1257 1578 1330 ἐμοὺς
1618 1258 1841 1330 δόμους.

370 1341 437 1400 οὐ
470 1345 574 1415 γάρ
600 1341 724 1399 ποτ’
753 1341 873 1398 οὔτ’
904 1340 973 1398 ἂν
998 1351 1269 1415 βαρβίτου
1295 1342 1504 1415 θίγοιμ’
1535 1350 1612 1399 ἔτι
1761 1357 1844 1401 345

369 1426 479 1484 οὔτ’
509 1425 577 1484 ἂν
602 1426 756 1500 φρέν’
785 1431 1051 1500 ἐξαίροιμι
1075 1427 1211 1501 πρὸς
1233 1435 1418 1501 Λίβυν
1442 1436 1632 1485 λακεῖν

367 1511 544 1569 αὐλόν
561 1533 572 1542 ·
599 1511 669 1569 σύ
696 1514 799 1584 γάρ
824 1536 932 1584 μου
978 1516 1175 1584 τέρψιν
1208 1517 1419 1581 ἑξείλου
1445 1521 1590 1586 βίου.

368 1606 516 1672 σοφῇ
542 1600 603 1655 δὲ
626 1601 767 1670 χειρὶ
791 1598 1066 1655 τεκτόνων
1095 1601 1261 1670 δέμας
1284 1599 1344 1655 τὸ
1373 1599 1474 1656 σὸν

369 1685 631 1740 εἰκασθὲν
655 1688 715 1740 ἐν
740 1687 1052 1756 λέκτροισιν
1078 1685 1458 1757 ἐκταθήσεται,

368 1762 412 1845 ᾦ
436 1775 856 1838 προσπεσοῦμαι
889 1772 980 1825 καὶ
1006 1771 1398 1841 περιπτύσσων
1422 1772 1583 1841 χέρας
1761 1784 1845 1827 350

372 1853 548 1925 ὄνομα
570 1861 757 1910 καλῶν
783 1853 884 1909 σόν
911 1854 1012 1927 τὴν
1040 1862 1212 1926 φίλην
1239 1859 1299 1911 ἐν
1328 1853 1593 1926 ἀγκάλαις

373 1940 513 2007 δόξω
539 1953 778 2011 γυναῖκα
803 1947 1001 2010 καίπερ
1029 1938 1131 1996 οὐκ
1159 1947 1298 2011 ἔχων
1323 1947 1484 2011 ἔχειν,

368 2024 593 2097 ψυχρὰν
617 2028 745 2096 μέν,
773 2024 941 2097 οἶμαι,
970 2027 1193 2096 τέρψιν,
1229 2023 1350 2080 ἀλλ’
1381 2023 1525 2097 ὅμως
1550 2031 1718 2097 βαρος

370 2117 543 2182 ψυχῆς
573 2108 916 2181 ἆπαντλοίην
941 2109 1009 2165 ἄν
1028 2129 1039 2139 ·
1069 2114 1129 2166 ἐν
1155 2109 1209 2166 δ’
1240 2108 1489 2182 ὀνείρασι

370 2196 620 2267 φοιτῶσά
643 2193 690 2267 μ’
722 2193 1048 2267 εὐφραίνοις
1074 2193 1157 2251 ἄν.
1207 2193 1315 2267 ἡδὺ
1344 2195 1447 2269 γὰρ
1477 2201 1676 2266 φίλους
1762 2208 1846 2251 355

368 2278 475 2336 κάν
497 2283 661 2337 νυκτὶ
684 2280 959 2352 λεύσσειν,
987 2278 1152 2338 ὅντιν’
1182 2277 1251 2337 ἂν
1276 2287 1423 2354 παρῇ
1447 2280 1663 2352 χρόνον.

371 2371 423 2421 εί
444 2363 497 2421 δ’
524 2364 770 2439 Ὀρφέως
794 2390 886 2438 μοι
911 2373 1134 2438 γλῶσσα
1157 2369 1249 2422 καὶ
1271 2369 1432 2438 μέλος
1457 2372 1659 2438 παρῆν,

373 2448 494 2506 ὥστ’
524 2447 559 2522 ἢ
583 2451 758 2523 κόρην
783 2452 1077 2524 Δήμητρος
1103 2448 1136 2523 ἦ
1163 2458 1348 2523 κείνης
1377 2451 1541 2507 πόσιν

371 2533 598 2606 ὕμνοισι
627 2537 943 2609 κηλήσαντά
965 2536 1019 2593 σ’
1049 2534 1307 2602 ἐξἌιδου
1333 2544 1543 2609 λαβεῖν,

370 2627 654 2692 κατῆλθον
678 2618 775 2691 ἄν,
802 2628 901 2678 καί
919 2620 968 2693 μ’
997 2619 1129 2678 οὔθ’
1159 2620 1187 2678 ὁ
1212 2622 1549 2686 Πλούτωνος
1576 2619 1729 2677 κύων
1762 2633 1847 2678 360

371 2702 496 2762 οὔθ’
523 2703 657 2762 οὑπὶ
680 2706 838 2780 κώπῃ
863 2705 1223 2779 ψυχοπομπὸς
1248 2703 1318 2762 ἂν
1349 2707 1544 2777 Χάρων

374 2796 561 2862 ἔσχον,
588 2792 722 2863 πρὶν
747 2797 824 2857 είς
849 2798 969 2863 φῶς
991 2790 1092 2848 σὸν
1117 2797 1453 2863 καταστῆσαι
1477 2797 1621 2863 βίον.

376 2872 492 2931 ἀλλ’
522 2868 628 2932 οὖν
652 2880 828 2933 ἐκεῖσε
852 2877 1136 2946 προσδόκα
1162 2873 1232 2948 μ’,
1263 2873 1396 2932 ὅταν
1423 2876 1602 2945 θάνω,
