<?xml version="1.0" encoding="UTF-8"?>
<!DOCTYPE html PUBLIC "-//W3C//DTD XHTML 1.0 Transitional//EN"
    "http://www.w3.org/TR/xhtml1/DTD/xhtml1-transitional.dtd">
<html xmlns="http://www.w3.org/1999/xhtml" xml:lang="en" lang="en">
 <head>
  <title>
</title>
<meta http-equiv="Content-Type" content="text/html;charset=utf-8" />
  <meta name='ocr-system' content='tesseract 3.04.00' />
  <meta name='ocr-capabilities' content='ocr_page ocr_carea ocr_par ocr_line ocrx_word'/>
</head>
<body>
  <div class='ocr_page' id='page_1' title='image "./euripidistragoe01euriuoft_0404.png"; bbox 0 0 2022 3126; ppageno 0'>
   <div class='ocr_carea' id='block_1_1' title="bbox 235 81 335 132">
    <p class='ocr_par' dir='ltr' id='par_1_1' title="bbox 235 81 335 132">
     <span class='ocr_line' id='line_1_1' title="bbox 235 81 335 132; baseline 0.01 -1"><span class='ocrx_word' id='word_1_1' title='bbox 235 81 335 132; x_wconf 82' lang='lat'><em>304</em></span> 
     </span>
    </p>
   </div>
   <div class='ocr_carea' id='block_1_2' title="bbox 236 234 368 282">
    <p class='ocr_par' dir='ltr' id='par_1_2' title="bbox 236 234 368 282">
     <span class='ocr_line' id='line_1_2' title="bbox 236 234 368 282; baseline -0.015 0"><span class='ocrx_word' id='word_1_2' title='bbox 236 234 368 282; x_wconf 83' lang='lat' dir='ltr'><em>MA.</em></span> 
     </span>
    </p>
   </div>
   <div class='ocr_carea' id='block_1_3' title="bbox 235 319 352 453">
    <p class='ocr_par' dir='ltr' id='par_1_3' title="bbox 235 319 352 453">
     <span class='ocr_line' id='line_1_3' title="bbox 235 319 333 367; baseline -0.02 0"><span class='ocrx_word' id='word_1_3' title='bbox 235 319 333 367; x_wconf 90' lang='grc' dir='ltr'><em>ΙΟ.</em></span> 
     </span>
     <span class='ocr_line' id='line_1_4' title="bbox 240 404 352 453; baseline -0.027 0"><span class='ocrx_word' id='word_1_4' title='bbox 240 404 352 453; x_wconf 85' lang='grc' dir='ltr'><em>ΜΛ</em></span> 
     </span>
    </p>
   </div>
   <div class='ocr_carea' id='block_1_4' title="bbox 845 58 1292 127">
    <p class='ocr_par' dir='ltr' id='par_1_4' title="bbox 845 58 1292 127">
     <span class='ocr_line' id='line_1_5' title="bbox 845 58 1292 127; baseline -0.007 0"><span class='ocrx_word' id='word_1_5' title='bbox 845 58 1292 127; x_wconf 67' lang='grc' dir='ltr'><em>ΗΡΑΚΛΕΙΔΑΙ</em></span> 
     </span>
    </p>
   </div>
   <div class='ocr_carea' id='block_1_5' title="bbox 423 221 1914 2933">
    <p class='ocr_par' dir='ltr' id='par_1_5' title="bbox 425 221 1475 298">
     <span class='ocr_line' id='line_1_6' title="bbox 425 221 1475 298; baseline -0.007 -18"><span class='ocrx_word' id='word_1_6' title='bbox 425 227 485 280; x_wconf 89' lang='grc' dir='ltr'><em>ἐν</em></span> <span class='ocrx_word' id='word_1_7' title='bbox 509 228 650 298; x_wconf 78' lang='grc' dir='ltr'><em>τῷδε</em></span> <span class='ocrx_word' id='word_1_8' title='bbox 674 221 993 292; x_wconf 83' lang='grc' dir='ltr'><em>κᾶχόμεσθα</em></span> <span class='ocrx_word' id='word_1_9' title='bbox 1020 225 1274 290; x_wconf 88' lang='grc' dir='ltr'><em>σωθῆναι</em></span> <span class='ocrx_word' id='word_1_10' title='bbox 1298 224 1475 294; x_wconf 65' lang='grc' dir='ltr'><em>λόγως</em></span> 
     </span>
    </p>

    <p class='ocr_par' dir='ltr' id='par_1_6' title="bbox 424 303 1610 383">
     <span class='ocr_line' id='line_1_7' title="bbox 424 303 1610 383; baseline -0.005 -18"><span class='ocrx_word' id='word_1_11' title='bbox 424 313 484 365; x_wconf 86' lang='grc' dir='ltr'><em>ἐν</em></span> <span class='ocrx_word' id='word_1_12' title='bbox 508 313 677 383; x_wconf 80' lang='grc' dir='ltr'><em>τῷδε,</em></span> <span class='ocrx_word' id='word_1_13' title='bbox 706 304 874 362; x_wconf 75' lang='grc' dir='ltr'><em>τᾶλλα</em></span> <span class='ocrx_word' id='word_1_14' title='bbox 901 303 952 378; x_wconf 78' lang='grc' dir='ltr'><em>γ’</em></span> <span class='ocrx_word' id='word_1_15' title='bbox 984 303 1229 375; x_wconf 75' lang='grc' dir='ltr'><strong><em>εὐτυχῶς</em></strong></span> <span class='ocrx_word' id='word_1_16' title='bbox 1254 304 1610 376; x_wconf 75' lang='grc' dir='ltr'><strong><em>πεπραγότες.</em></strong></span> 
     </span>
    </p>

    <p class='ocr_par' dir='ltr' id='par_1_7' title="bbox 424 387 1898 636">
     <span class='ocr_line' id='line_1_8' title="bbox 425 387 1898 466; baseline -0.002 -17"><span class='ocrx_word' id='word_1_17' title='bbox 425 395 499 466; x_wconf 88' lang='grc' dir='ltr'><em>μή</em></span> <span class='ocrx_word' id='word_1_18' title='bbox 523 417 631 449; x_wconf 90' lang='grc' dir='ltr'><em>νυν</em></span> <span class='ocrx_word' id='word_1_19' title='bbox 655 394 849 465; x_wconf 77' lang='grc' dir='ltr'><em>τρέσῃς</em></span> <span class='ocrx_word' id='word_1_20' title='bbox 877 389 952 447; x_wconf 81' lang='grc' dir='ltr'><em>ἔτ’</em></span> <span class='ocrx_word' id='word_1_21' title='bbox 983 389 1188 461; x_wconf 85' lang='grc' dir='ltr'><em>ἐχθρὸν</em></span> <span class='ocrx_word' id='word_1_22' title='bbox 1209 387 1456 461; x_wconf 80' lang='grc' dir='ltr'><em>Ἀργεῖον</em></span> <span class='ocrx_word' id='word_1_23' title='bbox 1483 390 1622 458; x_wconf 91' lang='grc' dir='ltr'><em>δόρυ</em></span> <span class='ocrx_word' id='word_1_24' title='bbox 1638 407 1650 418; x_wconf 90' lang='grc'><em>·</em></span> <span class='ocrx_word' id='word_1_25' title='bbox 1815 404 1898 446; x_wconf 83' lang='grc'><em>500</em></span> 
     </span>
     <span class='ocr_line' id='line_1_9' title="bbox 427 474 1627 551; baseline -0.005 -16"><span class='ocrx_word' id='word_1_26' title='bbox 427 478 532 551; x_wconf 78' lang='grc' dir='ltr'><em>ἐγὼ</em></span> <span class='ocrx_word' id='word_1_27' title='bbox 559 477 665 549; x_wconf 82' lang='grc' dir='ltr'><em>γὰρ</em></span> <span class='ocrx_word' id='word_1_28' title='bbox 691 474 831 549; x_wconf 79' lang='grc' dir='ltr'><em>αὐτὴ</em></span> <span class='ocrx_word' id='word_1_29' title='bbox 858 478 991 547; x_wconf 83' lang='grc' dir='ltr'><em>πρὶν</em></span> <span class='ocrx_word' id='word_1_30' title='bbox 1014 481 1416 546; x_wconf 77' lang='grc' dir='ltr'><em>κελευσθῆναι,</em></span> <span class='ocrx_word' id='word_1_31' title='bbox 1442 478 1627 546; x_wconf 90' lang='grc' dir='ltr'><em>γέρον,</em></span> 
     </span>
     <span class='ocr_line' id='line_1_10' title="bbox 424 562 1662 636; baseline -0.005 -16"><span class='ocrx_word' id='word_1_32' title='bbox 424 565 697 636; x_wconf 78' lang='grc' dir='ltr'><em>θνήσκειν</em></span> <span class='ocrx_word' id='word_1_33' title='bbox 727 564 912 633; x_wconf 81' lang='grc' dir='ltr'><strong><em>ἑτοίμη</em></strong></span> <span class='ocrx_word' id='word_1_34' title='bbox 939 562 1031 616; x_wconf 82' lang='grc' dir='ltr'><em>καὶ</em></span> <span class='ocrx_word' id='word_1_35' title='bbox 1057 566 1432 629; x_wconf 80' lang='grc' dir='ltr'><em>παρίστασθαι</em></span> <span class='ocrx_word' id='word_1_36' title='bbox 1457 565 1662 632; x_wconf 82' lang='grc' dir='ltr'><em>σφαγῇ.</em></span> 
     </span>
    </p>

    <p class='ocr_par' dir='ltr' id='par_1_8' title="bbox 426 642 1463 721">
     <span class='ocr_line' id='line_1_11' title="bbox 426 642 1463 721; baseline -0.005 -16"><span class='ocrx_word' id='word_1_37' title='bbox 426 657 482 705; x_wconf 83' lang='grc' dir='ltr'><em>τί</em></span> <span class='ocrx_word' id='word_1_38' title='bbox 505 649 756 721; x_wconf 88' lang='grc' dir='ltr'><em>φήσομεν</em></span> <span class='ocrx_word' id='word_1_39' title='bbox 779 647 913 719; x_wconf 80' lang='grc' dir='ltr'><em>γάρ,</em></span> <span class='ocrx_word' id='word_1_40' title='bbox 941 652 992 702; x_wconf 84' lang='grc' dir='ltr'><em>εἰ</em></span> <span class='ocrx_word' id='word_1_41' title='bbox 1014 645 1170 709; x_wconf 82' lang='grc' dir='ltr'><em>πόλις</em></span> <span class='ocrx_word' id='word_1_42' title='bbox 1194 645 1296 716; x_wconf 77' lang='grc' dir='ltr'><em>μὲν</em></span> <span class='ocrx_word' id='word_1_43' title='bbox 1320 642 1463 712; x_wconf 80' lang='grc' dir='ltr'><em>ἀξιοῖ</em></span> 
     </span>
    </p>

    <p class='ocr_par' dir='ltr' id='par_1_9' title="bbox 424 729 1595 804">
     <span class='ocr_line' id='line_1_12' title="bbox 424 729 1595 804; baseline -0.005 -14"><span class='ocrx_word' id='word_1_44' title='bbox 424 739 696 790; x_wconf 84' lang='grc' dir='ltr'><em>κίνδυνον</em></span> <span class='ocrx_word' id='word_1_45' title='bbox 720 729 877 804; x_wconf 77' lang='grc' dir='ltr'><em>ἡμῶν</em></span> <span class='ocrx_word' id='word_1_46' title='bbox 913 730 1078 787; x_wconf 79' lang='grc' dir='ltr'><em>εἵνεκ’</em></span> <span class='ocrx_word' id='word_1_47' title='bbox 1118 738 1380 800; x_wconf 76' lang='grc' dir='ltr'><em>αἴρεσθαι</em></span> <span class='ocrx_word' id='word_1_48' title='bbox 1403 732 1595 802; x_wconf 91' lang='grc' dir='ltr'><em>μέγαν,</em></span> 
     </span>
    </p>

    <p class='ocr_par' dir='ltr' id='par_1_10' title="bbox 423 814 1899 977">
     <span class='ocr_line' id='line_1_13' title="bbox 423 814 1899 890; baseline -0.004 -15"><span class='ocrx_word' id='word_1_49' title='bbox 423 817 583 876; x_wconf 82' lang='grc' dir='ltr'><em>αὐτοὶ</em></span> <span class='ocrx_word' id='word_1_50' title='bbox 608 819 670 874; x_wconf 77' lang='grc' dir='ltr'><em>δὲ</em></span> <span class='ocrx_word' id='word_1_51' title='bbox 694 818 1087 890; x_wconf 80' lang='grc' dir='ltr'><em>προστιθέντες</em></span> <span class='ocrx_word' id='word_1_52' title='bbox 1112 814 1365 872; x_wconf 77' lang='grc' dir='ltr'><em>ἄλλοισιν</em></span> <span class='ocrx_word' id='word_1_53' title='bbox 1388 814 1612 885; x_wconf 81' lang='grc' dir='ltr'><em>πόνους,</em></span> <span class='ocrx_word' id='word_1_54' title='bbox 1817 829 1899 870; x_wconf 85' lang='grc'><em>505</em></span> 
     </span>
     <span class='ocr_line' id='line_1_14' title="bbox 428 899 1708 977; baseline -0.005 -16"><span class='ocrx_word' id='word_1_55' title='bbox 428 904 605 977; x_wconf 88' lang='grc' dir='ltr'><em>παρόν</em></span> <span class='ocrx_word' id='word_1_56' title='bbox 629 921 737 976; x_wconf 89' lang='grc' dir='ltr'><em>σφε</em></span> <span class='ocrx_word' id='word_1_57' title='bbox 767 908 968 973; x_wconf 77' lang='grc' dir='ltr'><em>σῶσαι,</em></span> <span class='ocrx_word' id='word_1_58' title='bbox 997 901 1355 973; x_wconf 82' lang='grc' dir='ltr'><em>φευξόμεσθα</em></span> <span class='ocrx_word' id='word_1_59' title='bbox 1379 899 1451 971; x_wconf 87' lang='grc' dir='ltr'><em>μὴ</em></span> <span class='ocrx_word' id='word_1_60' title='bbox 1479 909 1708 967; x_wconf 84' lang='grc' dir='ltr'><em>θανεῖν;</em></span> 
     </span>
    </p>

    <p class='ocr_par' dir='ltr' id='par_1_11' title="bbox 423 982 1454 1060">
     <span class='ocr_line' id='line_1_15' title="bbox 423 982 1454 1060; baseline -0.006 -14"><span class='ocrx_word' id='word_1_61' title='bbox 423 988 490 1046; x_wconf 84' lang='grc' dir='ltr'><em>ού</em></span> <span class='ocrx_word' id='word_1_62' title='bbox 517 986 659 1060; x_wconf 81' lang='grc' dir='ltr'><em>δῆτ’,</em></span> <span class='ocrx_word' id='word_1_63' title='bbox 687 992 810 1044; x_wconf 84' lang='grc' dir='ltr'><em>ἐπεί</em></span> <span class='ocrx_word' id='word_1_64' title='bbox 830 1010 914 1043; x_wconf 90' lang='grc' dir='ltr'><em>τοι</em></span> <span class='ocrx_word' id='word_1_65' title='bbox 938 989 1031 1042; x_wconf 89' lang='grc' dir='ltr'><em>και</em></span> <span class='ocrx_word' id='word_1_66' title='bbox 1056 989 1291 1059; x_wconf 88' lang='grc' dir='ltr'><em>γέλωτος</em></span> <span class='ocrx_word' id='word_1_67' title='bbox 1316 982 1454 1055; x_wconf 69' lang='grc' dir='ltr'><em>ἄξια,</em></span> 
     </span>
    </p>

    <p class='ocr_par' dir='ltr' id='par_1_12' title="bbox 423 1072 1679 1229">
     <span class='ocr_line' id='line_1_16' title="bbox 423 1072 1679 1170; baseline -0.003 -40"><span class='ocrx_word' id='word_1_68' title='bbox 423 1077 640 1131; x_wconf 86' lang='grc' dir='ltr'><em>στένειν</em></span> <span class='ocrx_word' id='word_1_69' title='bbox 665 1097 765 1145; x_wconf 90' lang='grc' dir='ltr'><em>μεν</em></span> <span class='ocrx_word' id='word_1_70' title='bbox 797 1075 975 1138; x_wconf 78' lang='grc' dir='ltr'><em>ἱκέτας</em></span> <span class='ocrx_word' id='word_1_71' title='bbox 1001 1072 1284 1143; x_wconf 84' lang='grc' dir='ltr'><em>δαιμόνων</em></span> <span class='ocrx_word' id='word_1_72' title='bbox 1307 1073 1679 1170; x_wconf 85' lang='grc' dir='ltr'><em>καθημένους,</em></span> 
     </span>
     <span class='ocr_line' id='line_1_17' title="bbox 424 1156 1648 1229; baseline -0.003 -14"><span class='ocrx_word' id='word_1_73' title='bbox 424 1159 628 1229; x_wconf 90' lang='grc' dir='ltr'><em>πατρὸς</em></span> <span class='ocrx_word' id='word_1_74' title='bbox 654 1157 705 1214; x_wconf 76' lang='grc' dir='ltr'><em>δ’</em></span> <span class='ocrx_word' id='word_1_75' title='bbox 736 1162 954 1214; x_wconf 87' lang='grc' dir='ltr'><em>ἐκείνου</em></span> <span class='ocrx_word' id='word_1_76' title='bbox 973 1157 1185 1228; x_wconf 81' lang='grc' dir='ltr'><em>φύντας</em></span> <span class='ocrx_word' id='word_1_77' title='bbox 1209 1157 1276 1212; x_wconf 86' lang='grc' dir='ltr'><em>οῦ</em></span> <span class='ocrx_word' id='word_1_78' title='bbox 1302 1156 1648 1228; x_wconf 84' lang='grc' dir='ltr'><em>πεφύκαμεν,</em></span> 
     </span>
    </p>

    <p class='ocr_par' dir='ltr' id='par_1_13' title="bbox 424 1240 1896 1568">
     <span class='ocr_line' id='line_1_18' title="bbox 425 1240 1845 1315; baseline -0.006 -14"><span class='ocrx_word' id='word_1_79' title='bbox 425 1243 632 1309; x_wconf 76' lang='grc' dir='ltr'><em>κακοὺς</em></span> <span class='ocrx_word' id='word_1_80' title='bbox 659 1241 926 1315; x_wconf 83' lang='grc' dir='ltr'><em>ὁρᾶσθαι</em></span> <span class='ocrx_word' id='word_1_81' title='bbox 957 1248 1066 1297; x_wconf 92' lang='grc' dir='ltr'><em>ποῦ</em></span> <span class='ocrx_word' id='word_1_82' title='bbox 1092 1240 1215 1298; x_wconf 81' lang='grc' dir='ltr'><em>τάδ’</em></span> <span class='ocrx_word' id='word_1_83' title='bbox 1247 1244 1307 1294; x_wconf 87' lang='grc' dir='ltr'><em>ἐν</em></span> <span class='ocrx_word' id='word_1_84' title='bbox 1341 1254 1594 1313; x_wconf 83' lang='grc' dir='ltr'><em>χρηστοῖς</em></span> <span class='ocrx_word' id='word_1_85' title='bbox 1618 1243 1845 1312; x_wconf 79' lang='grc' dir='ltr'><em>πρέπει;</em></span> 
     </span>
     <span class='ocr_line' id='line_1_19' title="bbox 425 1324 1896 1400; baseline -0.003 -14"><span class='ocrx_word' id='word_1_86' title='bbox 425 1331 680 1399; x_wconf 78' lang='grc' dir='ltr'><em>κάλλιον,</em></span> <span class='ocrx_word' id='word_1_87' title='bbox 709 1328 886 1400; x_wconf 81' lang='grc' dir='ltr'><em>οἶμαι,</em></span> <span class='ocrx_word' id='word_1_88' title='bbox 913 1324 1092 1398; x_wconf 82' lang='grc' dir='ltr'><em>τῆσδ’,</em></span> <span class='ocrx_word' id='word_1_89' title='bbox 1119 1351 1152 1382; x_wconf 95' lang='grc' dir='ltr'><em>α</em></span> <span class='ocrx_word' id='word_1_90' title='bbox 1178 1325 1250 1398; x_wconf 86' lang='grc' dir='ltr'><em>μὴ</em></span> <span class='ocrx_word' id='word_1_91' title='bbox 1275 1327 1429 1398; x_wconf 84' lang='grc' dir='ltr'><em>τύχοι</em></span> <span class='ocrx_word' id='word_1_92' title='bbox 1457 1327 1604 1397; x_wconf 90' lang='grc' dir='ltr'><em>ποτέ,</em></span> <span class='ocrx_word' id='word_1_93' title='bbox 1822 1341 1896 1381; x_wconf 85' lang='grc'><em>511</em></span> 
     </span>
     <span class='ocr_line' id='line_1_20' title="bbox 424 1411 1666 1514; baseline -0.004 -43"><span class='ocrx_word' id='word_1_94' title='bbox 424 1417 634 1481; x_wconf 86' lang='grc' dir='ltr'><em>πόλεως</em></span> <span class='ocrx_word' id='word_1_95' title='bbox 660 1411 897 1484; x_wconf 80' lang='grc' dir='ltr'><em>ἁλούσης</em></span> <span class='ocrx_word' id='word_1_96' title='bbox 923 1425 1108 1485; x_wconf 87' lang='grc' dir='ltr'><em>χεῖρας</em></span> <span class='ocrx_word' id='word_1_97' title='bbox 1133 1417 1208 1477; x_wconf 83' lang='grc' dir='ltr'><em>εἰς</em></span> <span class='ocrx_word' id='word_1_98' title='bbox 1234 1414 1454 1514; x_wconf 77' lang='grc' dir='ltr'><em>ἐχθρῶν</em></span> <span class='ocrx_word' id='word_1_99' title='bbox 1477 1424 1666 1467; x_wconf 90' lang='grc' dir='ltr'><em>πεσεῖν</em></span> 
     </span>
     <span class='ocr_line' id='line_1_21' title="bbox 426 1490 1567 1569; baseline -0.004 -12"><span class='ocrx_word' id='word_1_100' title='bbox 426 1523 659 1557; x_wconf 87' lang='grc' dir='ltr'><em>καπειτα</em></span> <span class='ocrx_word' id='word_1_101' title='bbox 689 1501 840 1555; x_wconf 84' lang='grc' dir='ltr'><em>δεινὰ</em></span> <span class='ocrx_word' id='word_1_102' title='bbox 871 1496 1076 1569; x_wconf 83' lang='grc' dir='ltr'><em>πατρὸς</em></span> <span class='ocrx_word' id='word_1_103' title='bbox 1101 1490 1276 1554; x_wconf 73' lang='grc' dir='ltr'><em>οὖσαν</em></span> <span class='ocrx_word' id='word_1_104' title='bbox 1301 1495 1567 1568; x_wconf 80' lang='grc' dir='ltr'><em>εὐγενοῦς</em></span> 
     </span>
    </p>

    <p class='ocr_par' dir='ltr' id='par_1_14' title="bbox 427 1575 1622 1655">
     <span class='ocr_line' id='line_1_22' title="bbox 427 1575 1622 1655; baseline -0.004 -13"><span class='ocrx_word' id='word_1_105' title='bbox 427 1591 725 1642; x_wconf 84' lang='grc' dir='ltr'><em>παθοῦσαν</em></span> <span class='ocrx_word' id='word_1_106' title='bbox 756 1582 953 1655; x_wconf 84' lang='grc' dir='ltr'><em>Ἀιδην</em></span> <span class='ocrx_word' id='word_1_107' title='bbox 977 1583 1152 1655; x_wconf 90' lang='grc' dir='ltr'><em>μηδεν</em></span> <span class='ocrx_word' id='word_1_108' title='bbox 1176 1575 1350 1654; x_wconf 80' lang='grc' dir='ltr'><em>ἧσσον</em></span> <span class='ocrx_word' id='word_1_109' title='bbox 1377 1586 1622 1638; x_wconf 79' lang='grc' dir='ltr'><em>εἰσιδεῖν.</em></span> 
     </span>
    </p>

    <p class='ocr_par' dir='ltr' id='par_1_15' title="bbox 429 1666 1905 1827">
     <span class='ocr_line' id='line_1_23' title="bbox 431 1666 1905 1740; baseline -0.005 -13"><span class='ocrx_word' id='word_1_110' title='bbox 431 1669 548 1727; x_wconf 76' lang='grc' dir='ltr'><em>ἀλλ’</em></span> <span class='ocrx_word' id='word_1_111' title='bbox 582 1674 891 1727; x_wconf 83' lang='grc' dir='ltr'><em>ἐκπεσοῦσα</em></span> <span class='ocrx_word' id='word_1_112' title='bbox 916 1667 1072 1740; x_wconf 79' lang='grc' dir='ltr'><em>τῆσδ’</em></span> <span class='ocrx_word' id='word_1_113' title='bbox 1103 1666 1389 1738; x_wconf 80' lang='grc' dir='ltr'><em>ἆλητεύσω</em></span> <span class='ocrx_word' id='word_1_114' title='bbox 1414 1667 1637 1739; x_wconf 90' lang='grc' dir='ltr'><em>χθονός,</em></span> <span class='ocrx_word' id='word_1_115' title='bbox 1821 1678 1905 1721; x_wconf 89' lang='grc'><em>515</em></span> 
     </span>
     <span class='ocr_line' id='line_1_24' title="bbox 429 1752 1643 1827; baseline -0.005 -14"><span class='ocrx_word' id='word_1_116' title='bbox 429 1755 569 1813; x_wconf 83' lang='grc' dir='ltr'><em>κούκ</em></span> <span class='ocrx_word' id='word_1_117' title='bbox 596 1761 963 1827; x_wconf 77' lang='grc' dir='ltr'><em>αἰσχυνοῦμαι</em></span> <span class='ocrx_word' id='word_1_118' title='bbox 989 1752 1131 1825; x_wconf 77' lang='grc' dir='ltr'><em>δῆτ’,</em></span> <span class='ocrx_word' id='word_1_119' title='bbox 1159 1752 1256 1809; x_wconf 76' lang='grc' dir='ltr'><em>ἐὰν</em></span> <span class='ocrx_word' id='word_1_120' title='bbox 1281 1754 1349 1825; x_wconf 88' lang='grc' dir='ltr'><em>δή</em></span> <span class='ocrx_word' id='word_1_121' title='bbox 1376 1777 1456 1818; x_wconf 91' lang='grc' dir='ltr'><em>τις</em></span> <span class='ocrx_word' id='word_1_122' title='bbox 1484 1755 1643 1825; x_wconf 89' lang='grc' dir='ltr'><em>λέγῃ·</em></span> 
     </span>
    </p>

    <p class='ocr_par' dir='ltr' id='par_1_16' title="bbox 428 1838 1627 1912">
     <span class='ocr_line' id='line_1_25' title="bbox 428 1838 1627 1912; baseline -0.003 -15"><span class='ocrx_word' id='word_1_123' title='bbox 428 1849 484 1897; x_wconf 84' lang='grc' dir='ltr'><em>τί</em></span> <span class='ocrx_word' id='word_1_124' title='bbox 506 1839 664 1911; x_wconf 80' lang='grc' dir='ltr'><em>δεῦρ’</em></span> <span class='ocrx_word' id='word_1_125' title='bbox 694 1838 960 1912; x_wconf 76' lang='grc' dir='ltr'><em>ἀφίκεσθ’</em></span> <span class='ocrx_word' id='word_1_126' title='bbox 995 1844 1248 1895; x_wconf 84' lang='grc' dir='ltr'><em>ίκεσίοισι</em></span> <span class='ocrx_word' id='word_1_127' title='bbox 1273 1838 1381 1894; x_wconf 81' lang='grc' dir='ltr'><em>σῦν</em></span> <span class='ocrx_word' id='word_1_128' title='bbox 1404 1838 1627 1902; x_wconf 79' lang='grc' dir='ltr'><em>κλάδοις</em></span> 
     </span>
    </p>

    <p class='ocr_par' dir='ltr' id='par_1_17' title="bbox 435 1923 1508 1998">
     <span class='ocr_line' id='line_1_26' title="bbox 435 1923 1508 1998; baseline -0.004 -16"><span class='ocrx_word' id='word_1_129' title='bbox 435 1925 594 1982; x_wconf 80' lang='grc' dir='ltr'><em>αὐτοὶ</em></span> <span class='ocrx_word' id='word_1_130' title='bbox 621 1931 1089 1998; x_wconf 80' lang='grc' dir='ltr'><em>φιλοψυχοῦντες;</em></span> <span class='ocrx_word' id='word_1_131' title='bbox 1117 1926 1254 1991; x_wconf 80' lang='grc' dir='ltr'><em>ἔξιτε</em></span> <span class='ocrx_word' id='word_1_132' title='bbox 1277 1923 1508 1994; x_wconf 90' lang='grc' dir='ltr'><em>χθονός·</em></span> 
     </span>
    </p>

    <p class='ocr_par' dir='ltr' id='par_1_18' title="bbox 434 2007 1588 2083">
     <span class='ocr_line' id='line_1_27' title="bbox 434 2007 1588 2083; baseline -0.005 -15"><span class='ocrx_word' id='word_1_133' title='bbox 434 2035 637 2076; x_wconf 86' lang='grc' dir='ltr'><em>κακους</em></span> <span class='ocrx_word' id='word_1_134' title='bbox 661 2034 766 2083; x_wconf 87' lang='grc' dir='ltr'><em>γαρ</em></span> <span class='ocrx_word' id='word_1_135' title='bbox 791 2007 946 2081; x_wconf 78' lang='grc' dir='ltr'><em>ἡμεῖς</em></span> <span class='ocrx_word' id='word_1_136' title='bbox 971 2007 1038 2065; x_wconf 81' lang='grc' dir='ltr'><em>οὐ</em></span> <span class='ocrx_word' id='word_1_137' title='bbox 1063 2009 1588 2079; x_wconf 86' lang='grc' dir='ltr'><em>προσωφελήσομεν.</em></span> 
     </span>
    </p>

    <p class='ocr_par' dir='ltr' id='par_1_19' title="bbox 433 2092 1911 2254">
     <span class='ocr_line' id='line_1_28' title="bbox 433 2092 1911 2167; baseline -0.005 -14"><span class='ocrx_word' id='word_1_138' title='bbox 433 2095 551 2153; x_wconf 78' lang='grc' dir='ltr'><em>αλλ’</em></span> <span class='ocrx_word' id='word_1_139' title='bbox 585 2094 718 2153; x_wconf 82' lang='grc' dir='ltr'><em>οὐδε</em></span> <span class='ocrx_word' id='word_1_140' title='bbox 741 2098 956 2167; x_wconf 89' lang='grc' dir='ltr'><em>μέντοι,</em></span> <span class='ocrx_word' id='word_1_141' title='bbox 983 2100 1160 2151; x_wconf 78' lang='grc' dir='ltr'><em>τῶνδε</em></span> <span class='ocrx_word' id='word_1_142' title='bbox 1185 2117 1285 2165; x_wconf 87' lang='grc' dir='ltr'><em>μεν</em></span> <span class='ocrx_word' id='word_1_143' title='bbox 1310 2092 1682 2165; x_wconf 85' lang='grc' dir='ltr'><em>τεθνηκότων,</em></span> <span class='ocrx_word' id='word_1_144' title='bbox 1827 2104 1911 2147; x_wconf 81' lang='grc'><em>520</em></span> 
     </span>
     <span class='ocr_line' id='line_1_29' title="bbox 435 2176 1656 2254; baseline -0.004 -16"><span class='ocrx_word' id='word_1_145' title='bbox 435 2180 575 2254; x_wconf 81' lang='grc' dir='ltr'><em>αὐτὴ</em></span> <span class='ocrx_word' id='word_1_146' title='bbox 603 2182 664 2237; x_wconf 86' lang='grc' dir='ltr'><em>δε</em></span> <span class='ocrx_word' id='word_1_147' title='bbox 693 2177 944 2250; x_wconf 47' lang='grc' dir='ltr'><em>σωθεῖσζ</em></span> <span class='ocrx_word' id='word_1_148' title='bbox 971 2176 1151 2235; x_wconf 80' lang='grc' dir='ltr'><em>ἐλπίδ’</em></span> <span class='ocrx_word' id='word_1_149' title='bbox 1184 2180 1246 2234; x_wconf 84' lang='grc' dir='ltr'><em>εῦ</em></span> <span class='ocrx_word' id='word_1_150' title='bbox 1273 2179 1499 2250; x_wconf 82' lang='grc' dir='ltr'><em>πραξειν</em></span> <span class='ocrx_word' id='word_1_151' title='bbox 1528 2183 1656 2248; x_wconf 84' lang='grc' dir='ltr'><em>έχω·</em></span> 
     </span>
    </p>

    <p class='ocr_par' dir='ltr' id='par_1_20' title="bbox 435 2262 1647 2339">
     <span class='ocr_line' id='line_1_30' title="bbox 435 2262 1647 2339; baseline -0.005 -16"><span class='ocrx_word' id='word_1_152' title='bbox 435 2269 630 2323; x_wconf 81' lang='grc' dir='ltr'><em>πολλοὶ</em></span> <span class='ocrx_word' id='word_1_153' title='bbox 654 2266 757 2339; x_wconf 79' lang='grc' dir='ltr'><em>γὰρ</em></span> <span class='ocrx_word' id='word_1_154' title='bbox 784 2262 889 2337; x_wconf 78' lang='grc' dir='ltr'><em>ἤδη</em></span> <span class='ocrx_word' id='word_1_155' title='bbox 917 2270 1048 2338; x_wconf 82' lang='grc' dir='ltr'><em>τῇδε</em></span> <span class='ocrx_word' id='word_1_156' title='bbox 1073 2263 1397 2334; x_wconf 86' lang='grc' dir='ltr'><em>προύδοσαν</em></span> <span class='ocrx_word' id='word_1_157' title='bbox 1422 2269 1647 2335; x_wconf 92' lang='grc' dir='ltr'><em>φιλους·</em></span> 
     </span>
    </p>

    <p class='ocr_par' dir='ltr' id='par_1_21' title="bbox 435 2346 1568 2424">
     <span class='ocr_line' id='line_1_31' title="bbox 435 2346 1568 2424; baseline -0.004 -16"><span class='ocrx_word' id='word_1_158' title='bbox 435 2359 515 2417; x_wconf 85' lang='grc' dir='ltr'><em>τίς</em></span> <span class='ocrx_word' id='word_1_159' title='bbox 540 2376 644 2424; x_wconf 91' lang='grc' dir='ltr'><em>γαρ</em></span> <span class='ocrx_word' id='word_1_160' title='bbox 670 2352 844 2423; x_wconf 83' lang='grc' dir='ltr'><em>κόρην</em></span> <span class='ocrx_word' id='word_1_161' title='bbox 871 2357 1074 2422; x_wconf 82' lang='grc' dir='ltr'><em>ἑρημον</em></span> <span class='ocrx_word' id='word_1_162' title='bbox 1099 2346 1133 2420; x_wconf 85' lang='grc' dir='ltr'><em>ἢ</em></span> <span class='ocrx_word' id='word_1_163' title='bbox 1158 2346 1391 2421; x_wconf 84' lang='grc' dir='ltr'><em>δαμαρτ’</em></span> <span class='ocrx_word' id='word_1_164' title='bbox 1423 2355 1568 2420; x_wconf 82' lang='grc' dir='ltr'><em>ἔχειν</em></span> 
     </span>
    </p>

    <p class='ocr_par' dir='ltr' id='par_1_22' title="bbox 435 2434 1467 2535">
     <span class='ocr_line' id='line_1_32' title="bbox 435 2434 1467 2535; baseline -0.005 -41"><span class='ocrx_word' id='word_1_165' title='bbox 435 2435 469 2509; x_wconf 82' lang='grc' dir='ltr'><em>ῆ</em></span> <span class='ocrx_word' id='word_1_166' title='bbox 495 2443 845 2494; x_wconf 80' lang='grc' dir='ltr'><em>παιδοποιεῖν</em></span> <span class='ocrx_word' id='word_1_167' title='bbox 871 2439 922 2503; x_wconf 81' lang='grc' dir='ltr'><em>ἐξ</em></span> <span class='ocrx_word' id='word_1_168' title='bbox 947 2439 1080 2507; x_wconf 84' lang='grc' dir='ltr'><em>ἐμοῦ</em></span> <span class='ocrx_word' id='word_1_169' title='bbox 1107 2434 1466 2535; x_wconf 77' lang='grc' dir='ltr'><em>βουλήσεται·</em></span> <span class='ocrx_word' id='word_1_170' title='bbox 1454 2478 1467 2501; x_wconf 87' lang='grc'><em>,</em></span> 
     </span>
    </p>

    <p class='ocr_par' dir='ltr' id='par_1_23' title="bbox 438 2519 1914 2678">
     <span class='ocr_line' id='line_1_33' title="bbox 438 2519 1914 2592; baseline -0.004 -13"><span class='ocrx_word' id='word_1_171' title='bbox 438 2547 649 2579; x_wconf 88' lang='grc' dir='ltr'><em>ουκουν</em></span> <span class='ocrx_word' id='word_1_172' title='bbox 673 2532 874 2578; x_wconf 83' lang='grc' dir='ltr'><em>θανεῖν</em></span> <span class='ocrx_word' id='word_1_173' title='bbox 903 2519 1132 2592; x_wconf 69' lang='grc' dir='ltr'><em>ἄμεινον</em></span> <span class='ocrx_word' id='word_1_174' title='bbox 1157 2544 1189 2591; x_wconf 93' lang='grc' dir='ltr'><em>η</em></span> <span class='ocrx_word' id='word_1_175' title='bbox 1216 2520 1431 2576; x_wconf 90' lang='grc' dir='ltr'><em>τούτων</em></span> <span class='ocrx_word' id='word_1_176' title='bbox 1456 2530 1644 2589; x_wconf 85' lang='grc' dir='ltr'><em>τυχεῖν</em></span> <span class='ocrx_word' id='word_1_177' title='bbox 1832 2527 1914 2568; x_wconf 78' lang='lat'><em>525</em></span> 
     </span>
     <span class='ocr_line' id='line_1_34' title="bbox 440 2606 1412 2680; baseline -0.003 -17"><span class='ocrx_word' id='word_1_178' title='bbox 440 2606 697 2675; x_wconf 74' lang='grc' dir='ltr'><em>ἆναξίανς</em></span> <span class='ocrx_word' id='word_1_179' title='bbox 715 2606 852 2680; x_wconf 74' lang='grc' dir='ltr'><em>ἄλλῃ</em></span> <span class='ocrx_word' id='word_1_180' title='bbox 878 2607 938 2662; x_wconf 90' lang='grc' dir='ltr'><em>δε</em></span> <span class='ocrx_word' id='word_1_181' title='bbox 965 2607 1057 2662; x_wconf 86' lang='grc' dir='ltr'><em>καὶ</em></span> <span class='ocrx_word' id='word_1_182' title='bbox 1081 2607 1277 2677; x_wconf 87' lang='grc' dir='ltr'><em>πρέπει</em></span> <span class='ocrx_word' id='word_1_183' title='bbox 1303 2607 1412 2661; x_wconf 82' lang='grc' dir='ltr'><em>τινὶ</em></span> 
     </span>
    </p>

    <p class='ocr_par' dir='ltr' id='par_1_24' title="bbox 442 2687 1594 2764">
     <span class='ocr_line' id='line_1_35' title="bbox 442 2687 1594 2764; baseline -0.003 -16"><span class='ocrx_word' id='word_1_184' title='bbox 442 2699 653 2764; x_wconf 82' lang='grc' dir='ltr'><em>μᾶλλον</em></span> <span class='ocrx_word' id='word_1_185' title='bbox 677 2691 820 2763; x_wconf 79' lang='grc' dir='ltr'><em>ταδ’,</em></span> <span class='ocrx_word' id='word_1_186' title='bbox 850 2689 967 2763; x_wconf 79' lang='grc' dir='ltr'><em>ἥτις</em></span> <span class='ocrx_word' id='word_1_187' title='bbox 991 2689 1062 2763; x_wconf 85' lang='grc' dir='ltr'><em>μὴ</em></span> <span class='ocrx_word' id='word_1_188' title='bbox 1091 2688 1347 2762; x_wconf 82' lang='grc' dir='ltr'><em>’πίσημος</em></span> <span class='ocrx_word' id='word_1_189' title='bbox 1373 2687 1444 2755; x_wconf 74' lang='grc' dir='ltr'><em>ὡς</em></span> <span class='ocrx_word' id='word_1_190' title='bbox 1470 2689 1594 2761; x_wconf 78' lang='grc' dir='ltr'><em>ἐγώ.</em></span> 
     </span>
    </p>

    <p class='ocr_par' dir='ltr' id='par_1_25' title="bbox 447 2774 1613 2849">
     <span class='ocr_line' id='line_1_36' title="bbox 447 2774 1613 2849; baseline -0.004 -15"><span class='ocrx_word' id='word_1_191' title='bbox 447 2775 666 2849; x_wconf 79' lang='grc' dir='ltr'><em>ἡγεῖσθ’</em></span> <span class='ocrx_word' id='word_1_192' title='bbox 697 2775 840 2834; x_wconf 80' lang='grc' dir='ltr'><em>ὅπου</em></span> <span class='ocrx_word' id='word_1_193' title='bbox 865 2783 953 2833; x_wconf 87' lang='grc' dir='ltr'><em>δεῖ</em></span> <span class='ocrx_word' id='word_1_194' title='bbox 975 2782 1128 2847; x_wconf 78' lang='grc' dir='ltr'><em>σῶμα</em></span> <span class='ocrx_word' id='word_1_195' title='bbox 1159 2785 1462 2831; x_wconf 87' lang='grc' dir='ltr'><em>κατθανεῖν</em></span> <span class='ocrx_word' id='word_1_196' title='bbox 1486 2774 1613 2829; x_wconf 87' lang='grc' dir='ltr'><em>τόδε</em></span> 
     </span>
    </p>

    <p class='ocr_par' dir='ltr' id='par_1_26' title="bbox 447 2858 1706 2933">
     <span class='ocr_line' id='line_1_37' title="bbox 447 2858 1706 2933; baseline -0.005 -14"><span class='ocrx_word' id='word_1_197' title='bbox 447 2866 537 2918; x_wconf 79' lang='grc' dir='ltr'><em>καὶ</em></span> <span class='ocrx_word' id='word_1_198' title='bbox 563 2869 936 2933; x_wconf 87' lang='grc' dir='ltr'><em>στεμματοῦτε</em></span> <span class='ocrx_word' id='word_1_199' title='bbox 959 2863 1051 2918; x_wconf 86' lang='grc' dir='ltr'><em>καὶ</em></span> <span class='ocrx_word' id='word_1_200' title='bbox 1076 2858 1430 2932; x_wconf 79' lang='grc' dir='ltr'><em>κατάρχεσθ’,</em></span> <span class='ocrx_word' id='word_1_201' title='bbox 1459 2864 1509 2915; x_wconf 83' lang='grc' dir='ltr'><em>εἰ</em></span> <span class='ocrx_word' id='word_1_202' title='bbox 1532 2863 1706 2914; x_wconf 76' lang='grc' dir='ltr'><em>δοκεῖΓ</em></span> 
     </span>
    </p>
   </div>
  </div>
 </body>
</html>
