2022 3126
190 71 293 124 200

205 1664 315 1713 XO.

211 2767 302 2815 ΕΛ

888 71 1086 118 ΕΛΕΝ
1083 71 1142 116 Η

383 211 622 285 ὀνόματα
647 208 802 268 ταυτ’
833 216 1018 282 ἔχουσι
1044 213 1136 266 καὶ
1161 212 1319 277 πόλις
1342 212 1500 269 πόλει

382 298 526 370 γυνὴ
552 301 782 369 γυναικί
800 293 879 351 τ’·
914 292 1082 352 οὐδὲν
1108 297 1212 352 οὐν
1235 298 1606 369 θαυμαστέον.

385 380 508 438 οὐδ
538 383 610 437 αὐ
635 380 695 437 τὸ
722 379 911 436 δεινὸν
935 381 1254 452 προσπόλου
1280 382 1641 454 φευξούμεθα
1657 400 1668 411 “

384 466 522 539 ἀνὴρ
548 490 652 538 γαρ
683 463 867 531 οὐδεὶς
893 457 1003 521 ῶδε
1027 466 1304 539 βάρβαρος
1330 469 1554 539 φρένας,

386 549 445 617 ὃς
472 549 630 623 ὄνομ’
662 549 901 615 ἀκούσας
923 547 1134 622 τούμὸν
1161 548 1229 606 οὐ
1255 552 1423 608 δώσει
1446 551 1639 623 βοράν.

385 635 608 692 κλεινὸν
633 635 693 691 τὸ
728 642 926 708 Τροίας
950 641 1063 705 πῦρ
1090 636 1197 707 ἐγώ
1227 633 1292 691 θ’
1329 633 1389 702 ὃς
1414 630 1531 708 ἧψά
1556 660 1667 708 νιν,

384 724 673 786 Μενέλαος
697 718 799 777 οὐκ
824 718 1102 792 άγνωστος
1126 725 1186 777 ἐν
1210 720 1356 795 πάσῃ
1379 727 1561 793 χθονί.

387 805 622 878 δόμων’
601 805 809 862 άνακτα
837 813 1156 912 προσμενῶ·
1187 806 1378 872 δισσὰς
1403 809 1468 863 δέ
1493 830 1584 907 μοι

390 898 500 963 ἔχει
531 891 815 963 φυλάξεις·
844 886 914 962 ἦν
938 914 1039 961 μεν
1066 888 1346 964 ὠμόφρων
1370 916 1449 957 τις
1479 894 1531 964 ᾖ,

384 978 602 1050 κρύψας
631 975 870 1048 ἐμαυτὸν
898 975 1006 1047 εἶμι
1041 976 1178 1048 πρὸς
1202 977 1469 1048 ναυάγια·

385 1058 455 1133 ἢν
482 1059 535 1118 δ’
565 1065 766 1136 ἐνδιδῷ
792 1085 842 1116 τι
866 1061 1185 1132 μαλθακόν,
1214 1060 1281 1117 τὰ
1307 1061 1601 1134 πρόσφορα

384 1152 478 1218 τῆς
502 1154 610 1202 νῦν
635 1138 917 1218 παρούσης
941 1152 1230 1219 συμφορᾶς
1255 1146 1560 1219 αἰτήσομαι.

386 1237 574 1287 κακῶν
600 1230 653 1286 δ’
684 1235 746 1287 ἓν
769 1229 904 1302 ἡμῖν
929 1236 1155 1301 ἔσχατον
1180 1245 1293 1296 τοῖς
1317 1229 1551 1302 ἀθλίοις,

388 1315 587 1381 ἄλλους
612 1316 923 1388 τυράννους
947 1313 1119 1372 αὐτὸν
1144 1313 1276 1372 ὅντα
1299 1319 1526 1388 βασιλέα

387 1408 514 1473 βίον
544 1414 887 1473 προσαιτεῖν·
923 1398 1044 1456 ἀλλ’
1075 1398 1387 1472 ἀναγκαίως
1412 1408 1538 1473 ἔχει.

386 1487 548 1558 λόγος
574 1487 676 1558 γάρ
706 1489 854 1542 ἐστιν
878 1484 978 1541 οὐκ
1004 1485 1154 1558 ε’μός,
1191 1493 1384 1558 σοφῶν
1409 1485 1461 1543 δ’
1497 1492 1640 1557 ἔπος,

389 1577 574 1644 δεινῆς
600 1569 842 1643 ἀνάγκης
869 1568 1036 1627 οὐδὲν
1062 1571 1275 1642 ἰσχύειν
1301 1575 1485 1629 πλέον.

387 1653 597 1728 ἤκουσα
621 1663 715 1722 τᾶς
739 1661 1065 1731 θεσπιῳδοῦ
1091 1656 1275 1729 κόρας,

390 1739 423 1796 ὁὶ
447 1739 680 1813 χρήσασ’
702 1814 705 1817 ¹
732 1742 910 1812 ἐφάνη
936 1739 989 1797 ’ν
1012 1741 1308 1812 τυράννοις

393 1827 607 1897 δόμοις,
636 1826 707 1891 ὡς
731 1829 1019 1892 Μενέλαος
1045 1824 1200 1882 οὔπω

392 1911 708 1982 μελαμφαὲς
735 1920 938 1983 οἴχεται

394 1994 469 2050 δι’
502 2001 689 2068 ἔρεβος
712 1997 876 2066 χθονὶ
903 2001 1196 2067 κρυφθείς,

394 2077 515 2135 ἀλλ’
547 2086 625 2135 ἔτι
649 2078 769 2136 κατ’
799 2078 946 2152 οἶδμ’
983 2077 1140 2135 ἅλιον

391 2165 723 2237 τρυχόμενος
749 2162 903 2221 οὔπω
929 2166 1167 2236 λιμένων

392 2250 661 2315 ψαύσειεν
685 2256 915 2322 πατρίας
943 2256 1058 2320 γᾶς,

394 2333 619 2409 ἀλατείᾳ
650 2334 841 2406 βιότου

393 2427 743 2491 ταλαίφρων,
770 2417 968 2492 ἄφιλος
993 2424 1193 2491 φίλων,

393 2510 745 2569 παντοδαπᾶς
771 2506 860 2561 ε’πὶ
882 2510 980 2575 γᾶς

394 2590 539 2645 πόδα
562 2590 961 2661 χριμπτόμενος
986 2595 1208 2664 εἰναλίῳ

393 2674 552 2748 κώπᾳ
586 2674 841 2749 Τρωάδος
865 2677 924 2730 ἐκ
948 2680 1063 2745 γᾶς.

393 2756 482 2830 ἧδ’
512 2761 583 2814 αὐ
609 2760 789 2829 τάφου
816 2756 973 2814 τοῦδ’
1002 2764 1078 2824 εἰς
1103 2761 1264 2831 ἕδρας
1289 2752 1394 2829 ε’γω
1421 2756 1587 2814 πάλιν

398 2849 618 2913 στείχω,
647 2850 907 2914 μαθοῦσα
934 2843 1173 2912 Θεονόης
1198 2849 1398 2914 φίλους
1422 2841 1642 2911 λόγους,

1775 397 1862 438 500

1779 820 1860 862 505

1780 1246 1862 1287 510

1780 1671 1861 1713 515

1781 2093 1863 2135 520

1781 2516 1862 2558 525
