2022 3126
215 92 363 132 XLIV
419 91 502 131 DE
534 88 862 132 CODICIBVS
893 89 1244 132 EVRIPIDEIS
1273 90 1353 130 ET
1382 90 1774 132 EDITIONIBVS

216 224 358 267 cento
395 218 488 265 iste
525 231 626 265 non
664 217 996 280 spernendum
1033 215 1240 280 praebet
1275 215 1562 273 subsidium,
1602 217 1782 264 ceteris
1806 218 1856 265 in

215 286 390 337 fabulis
426 289 637 337 minoris
674 292 748 335 est
784 282 1025 349 pretii94).

322 356 516 406 Scholia
543 356 822 420 Euripidea,
862 370 985 418 quae
1022 356 1199 418 partim
1225 354 1665 404 Alexandrinorum
1693 370 1856 418 gram-

217 428 506 478 maticorum
555 427 829 475 doctrinam
879 425 1126 479 referunt,
1176 426 1352 488 partim
1401 425 1621 474 futilibus
1670 432 1859 474 scatent

214 497 597 561 Byzantinorum
652 496 906 544 hominum
955 495 1276 548 commentis,
1337 509 1450 543 cum
1500 495 1582 543 diu
1637 495 1856 558 neglecta

215 569 501 622 iacuissent,
542 565 739 615 tandem
781 578 838 611 ex
886 562 1140 612 codicibus
1180 564 1377 627 optimis
1425 572 1565 612 aucta
1606 572 1654 612 et
1692 581 1858 613 emen-

216 638 325 686 data
364 643 478 685 sunt
516 651 541 684 a
581 636 636 684 G.
665 633 928 688 Dindorfi0‚
969 634 1106 681 cuius
1145 633 1292 680 editio
1331 639 1561 697 quattuor
1600 633 1857 683 volumini-

215 707 307 756 bus
355 704 710 769 comprehensa
757 703 943 767 prodiit
990 702 1165 752 Oxonii
1213 718 1255 751 a.
1301 705 1449 752 1863.
1512 704 1795 765 tragoedias
1832 721 1858 753 a

214 777 496 841 Byzantinis
543 773 808 830 lectitatas‚
861 773 977 822 Hec.
1021 772 1100 821 Or.
1141 772 1353 828 Phoen.‚
1393 772 1691 821 scholiorum
1729 773 1859 822 mole

212 861 370 911 paene
409 845 607 894 obrutas
645 843 907 892 habemus:
959 842 1018 891 de
1056 842 1218 891 Rheso
1258 849 1306 891 et
1342 841 1620 892 Troadibus
1657 851 1859 893 annota-

213 918 372 965 tiones
408 921 672 979 supersunt
698 913 860 969 exileS,
901 912 986 961 sed
1014 914 1226 976 optimae
1264 912 1416 976 frugis
1452 912 1647 974 plenae:
1689 912 1859 962 decem

212 985 408 1035 fabulae
446 1001 532 1034 eae
559 999 684 1050 quae
722 982 975 1032 codicibus
1013 984 1062 1032 B
1099 990 1147 1031 et
1185 983 1226 1032 C
1259 982 1515 1039 debentur,
1557 991 1858 1032 commenta-

212 1059 402 1105 riorum
430 1055 543 1104 dote
581 1069 716 1104 nunc-
741 1054 1002 1102 destitutae
1041 1059 1169 1102 sunt.
1211 1052 1272 1101 de
1309 1052 1613 1101 scholiorum
1639 1060 1858 1102 veterum

213 1124 598 1190 Euripideorum
648 1123 866 1172 fontibus
912 1123 1053 1172 docte
1102 1129 1151 1172 et
1199 1122 1460 1186 diligenter
1497 1124 1730 1173 disseruit
1767 1123 1857 1172 Th.

212 1195 509 1246 Bartholdus
545 1197 597 1244 in
624 1194 969 1243 dissertatione
996 1194 1245 1242 Bonnensi
1282 1209 1323 1242 a.
1355 1195 1504 1250 1864,
1545 1200 1690 1255 atque
1727 1194 1856 1242 idem

214 1267 273 1316 ad
325 1265 630 1315 emendanda
678 1271 851 1329 poetae
899 1263 1048 1312 verba
1094 1263 1395 1312 scholiorum
1435 1270 1655 1312 veterum
1707 1265 1858 1312 inter-

212 1335 569 1402 pretationibus
606 1349 844 1401 prospero
882 1349 995 1382 cum
1032 1348 1262 1382 successu
1299 1349 1420 1383 usus
1458 1340 1545 1382 est.

319 1406 570 1455 Editiones
613 1404 903 1468 Euripideas
949 1406 1186 1453 continuo
1231 1404 1404 1453 ordine
1451 1417 1748 1452 enumerare
1798 1402 1860 1453 ab

211 1478 434 1525 instituto
475 1482 644 1525 nostro
683 1475 894 1523 alienum
936 1481 1026 1522 est.
1099 1488 1221 1539 quas
1259 1474 1343 1537 qui
1381 1487 1683 1536 cognoscere
1722 1474 1857 1537 cupi-

215 1549 356 1602 erint,
395 1546 714 1595 Hoffmannos
753 1543 1010 1592 consulant
1048 1551 1097 1592 et
1132 1543 1515 1605 EngelmannOS.
1590 1543 1710 1591 mihi
1747 1557 1858 1606 gra-

212 1619 433 1666 vissimas
488 1616 730 1665 editiones
786 1615 1035 1664 indicasse
1091 1621 1139 1662 et
1186 1614 1332 1663 huius
1378 1627 1559 1677 operae
1614 1615 1858 1662 rationem

212 1687 490 1736 reddidisse
529 1686 756 1737 sufficiet.
833 1685 1065 1748 princeps
1106 1683 1253 1732 editio
1301 1691 1536 1748 quattuor
1581 1683 1858 1747 tragoedia-

213 1772 347 1814 rum,
395 1756 596 1806 Medeae
639 1754 889 1820 Hippolyti
925 1754 1183 1804 Alcestidis
1229 1753 1625 1808 Andromachae,
1676 1754 1858 1817 prodiit

214 1826 428 1876 Florent.
468 1827 598 1875 circa
637 1840 677 1873 a.
724 1827 881 1877 1496,
932 1839 1077 1888 quam
1116 1824 1199 1887 qui
1236 1838 1436 1872 curasse
1474 1823 1653 1872 dicitur
1690 1823 1726 1873 Ι.
1766 1824 1856 1872 La·

213 1898 366 1946 scaris
401 1897 744 1946 recentissimo
791 1895 963 1943 codice
1003 1909 1117 1942 usus
1156 1900 1252 1948 est,
1292 1893 1515 1942 Parisino
1555 1895 1706 1949 2888,
1747 1892 1855 1942 Flo-

212 1968 396 2016 rentini
433 1966 618 2014 codicis
657 1967 695 2015 0
730 1964 1028 2029 apographo,
1101 1970 1269 2012 secuta
1319 1971 1392 2012 est
1429 1979 1471 2012 a.
1515 1966 1646 2013 1503
1685 1962 1858 2012 Aldina

212 2036 489 2086 fabularum
514 2035 664 2085 XVIII
703 2035 867 2091 editi0‚
909 2048 1052 2096 quam
1093 2035 1178 2098 qui
1216 2030 1497 2097 curavit95),
1537 2039 1637 2081 tres
1674 2035 1858 2096 primas

212 2106 417 2161 fabulas,
457 2106 573 2155 Hec.
617 2104 699 2154 Or.
739 2105 941 2159 Phoen.‚
983 2119 1009 2152 e
1047 2104 1315 2168 Byzantino
1353 2103 1481 2152 libro
1519 2105 1735 2167 repetiit,
1775 2118 1857 2151 co·

214 2178 322 2225 dice
368 2177 417 2226 B
470 2178 612 2225 nixus
666 2182 742 2224 est
796 2177 848 2224 in
895 2173 996 2224 Alc.
1045 2173 1194 2222 Andr.
1253 2173 1430 2222 Bacch.
1492 2172 1659 2237 Suppl.
1709 2173 1854 2237 Hipp.

213 2247 317 2310 lph.
357 2248 410 2296 A.
451 2245 556 2309 lph.
596 2245 650 2294 T.
693 2245 819 2294 Med.
857 2243 1003 2293 Rhes
1043 2243 1185 2298 Tro.‚
1235 2243 1447 2307 denique
1488 2259 1513 2291 e
1562 2243 1731 2291 codice
1767 2244 1857 2291 Pa—

214 2318 365 2365 risino
413 2319 576 2371 2817,
636 2314 908 2364 Florentini
957 2315 995 2363 0
1039 2313 1346 2379 apographo,
1399 2314 1704 2378 deprompsit
1749 2312 1854 2361 Hel.

213 2385 405 2435 Heracl.
447 2386 592 2435 Herc.
633 2385 685 2436 F.
725 2383 828 2434 Ion.
874 2383 1003 2449 Cycl.
1078 2385 1271 2446 ignorat
1309 2382 1483 2432 Aldina
1530 2383 1679 2432 editio
1717 2382 1855 2432 Elec·

327 2552 398 2603 94)
431 2553 586 2605 Digna
616 2554 688 2592 est
719 2564 837 2602 quae
868 2551 1131 2592 conferatur
1153 2563 1208 2590 ea
1231 2549 1283 2591 de
1313 2564 1360 2591 re
1390 2549 1747 2604 diligentissima
1769 2549 1859 2590 dis-

218 2610 397 2662 putatio
428 2609 481 2649 A.
515 2608 756 2658 Doeringii
796 2607 921 2647 edita
959 2607 1008 2647 in
1045 2605 1209 2649 Philol.
1248 2602 1339 2647 vol.
1373 2608 1427 2648 23
1458 2621 1503 2660 p.
1536 2607 1772 2647 577—591
1812 2609 1858 2646 et

218 2665 305 2706 vol.
338 2667 391 2705 ‘25
422 2677 465 2716 p.
498 2663 758 2703 221—258.

327 2718 399 2771 95)
429 2720 584 2760 Marco
622 2718 806 2758 Musuro
854 2718 1013 2759 deberi
1059 2716 1304 2758 editionem
1342 2717 1555 2758 Aldinam
1594 2718 1858 2769 suspicatus

218 2780 288 2818 est
319 2774 650 2816 Kirchhoffius:
692 2773 908 2815 dissentit
947 2775 1025 2825 qui
1061 2785 1206 2826 nuper
1237 2773 1293 2813 de
1323 2773 1385 2814 M.
1417 2773 1593 2814 Musuri
1623 2772 1858 2814 Cretensis

216 2834 313 2873 vita
331 2831 493 2873 studiis
509 2830 696 2883 ingenio
712 2829 930 2870 disseruit
945 2829 1056 2869 Rad.
1076 2829 1239 2882 Menge
1257 2831 1305 2869 in
1321 2828 1638 2870 M.Sehmidtii
1651 2829 1856 2882 Hesych.

217 2888 305 2930 vol.
339 2889 392 2938 V,
429 2890 451 2928 1
481 2901 526 2940 p.
557 2888 611 2927 29
643 2899 708 2940 sq.
