2022 3126
222 67 320 120 158

221 1660 332 1710 XO.

221 1830 332 1881 ΕΚ.

939 70 1184 117 ΕΚΑΒΗ

402 205 433 266 δ
463 208 514 266 δ’
544 209 612 266 οὐ
637 212 825 266 θέλων
845 234 904 266 τε
926 212 1020 266 καὶ
1042 213 1229 265 θέλων
1252 219 1417 285 οἴκτῳ
1442 212 1627 284 κόρης,

407 297 592 367 τέμνει
615 296 825 370 σιδήρῳ
850 295 1159 366 πνεύματος
1183 295 1468 366 διαρροάς·

407 382 640 452 κρουνοὶ
664 377 715 436 δ’
747 379 1010 451 ἐχώρουν.
1058 372 1095 448 ἢ
1111 381 1171 434 δὲ
1196 382 1289 435 καὶ
1311 379 1618 451 θνήσκουσ’
1647 378 1796 452 ὅμως

409 464 622 536 πολλὴν
647 464 918 535 πρόνοιαν
943 465 1087 536 εἶχεν
1114 461 1399 536 εῦσχήμως
1422 479 1629 537 πεσεῖν,

406 547 715 620 κρύπτουσ’
746 547 782 605 ἃ
803 550 1072 621 κρύπτειν
1096 547 1293 621 ὄμματ’
1323 547 1575 621 ἀρσένων
1597 551 1792 622 χρεών.

409 636 528 690 ἐπεὶ
553 631 607 690 δ’
637 632 817 706 ἀφῆκε
841 642 1059 706 πνεῦμα
1083 641 1375 709 θανασίμῳ
1401 642 1606 707 σφαγῇ,
1799 650 1877 693 571

409 717 596 784 οὐδεὶς
618 719 716 776 τὸν
741 718 912 776 αὐτὸν
939 720 1084 791 εἶχεν
1101 718 1366 790 Ἀργείων
1389 720 1588 776 πόνον·

409 802 529 861 ἀλλ’
558 811 617 861 οἳ
633 806 734 876 μὲν
759 803 947 860 αὐτῶν
971 804 1072 876 τὴν
1095 810 1389 860 θανοῦσαν
1413 808 1472 860 ἐκ
1498 811 1678 877 χερῶν

410 889 645 962 φύλλοις
669 896 929 961 ἔβαλλον,
958 896 1017 946 οἳ
1034 888 1097 945 δε
1145 895 1455 960 πληροῦσιν
1492 913 1678 961 πυραν

407 974 652 1045 κορμοὺς
676 977 940 1080 φέροντες
966 980 1267 1038 πευκίνους
1281 1018 1294 1043 ,
1321 970 1349 1029 ὁ
1376 971 1428 1029 δ’
1459 971 1525 1029 οῦ
1551 977 1741 1075 φέρων
1800 989 1882 1033 575

408 1057 545 1130 πρὸς
567 1065 667 1115 τοῦ
693 1061 962 1131 φέροντος
985 1056 1163 1115 τοιάδ’
1192 1055 1400 1130 ἤκουεν
1423 1079 1592 1114 κακα·

407 1147 666 1215 ἕστηκας,
694 1167 735 1199 ω
761 1144 1011 1215 κάκιστε,
1038 1150 1104 1216 τῇ
1129 1144 1345 1200 νεάνιδι

403 1226 491 1299 [ου’
525 1231 737 1284 πέπλον
767 1229 903 1285 οὐδε
931 1230 1142 1300 κόσμον
1176 1232 1236 1284 ἐν
1265 1242 1450 1302 χεροῖν
1481 1227 1673 1300 ἔχων;]

407 1310 510 1368 οῦκ
537 1313 587 1368 εἴ
607 1335 658 1367 τι
684 1312 881 1367 δώσων
905 1318 970 1385 τῇ
996 1310 1212 1383 περίσσ’
1245 1310 1522 1385 εὐκαρδίῳ

405 1398 591 1468 ψυχήν
615 1395 662 1452 τ’
693 1395 915 1470 ἀρίστῃ;
948 1395 1124 1454 τοιάδ’
1155 1395 1298 1468 ἀμφὶ
1321 1403 1418 1467 σῆς
1442 1399 1622 1468 λέγων
1798 1409 1883 1452 580

404 1481 602 1547 παιδὸς
625 1482 937 1554 θανούσης,
967 1482 1380 1552 εὐτεκνωτάτην
1405 1483 1466 1537 δὲ
1489 1482 1551 1537 σε

406 1574 600 1623 πασῶν
622 1574 910 1638 γυναικῶν
934 1567 1378 1638 δυστυχεστάτην
1403 1565 1505 1634 [θ’]
1533 1564 1663 1636 ὁρῶ.

410 1653 597 1709 δεινόν
627 1677 678 1708 τι
702 1660 854 1725 πῆμα
877 1657 1213 1724 Πριαμίδαις
1238 1655 1452 1719 ἐπέζεσε

408 1739 566 1794 πόλει
590 1761 647 1793 τε
672 1736 815 1811 τήμῇ
837 1745 992 1794 θεῶν
1018 1736 1322 1809 ἀναγκαῖον
1345 1737 1488 1792 τόδε.

403 1816 447 1878 ω
472 1823 749 1894 θύγατερ,
779 1822 883 1878 οὐκ
908 1821 1016 1878 οἶδ’
1050 1828 1125 1887 εἰς
1149 1820 1179 1876 ό
1203 1846 1254 1876 τι
1280 1824 1466 1892 βλέψω
1491 1844 1681 1877 κακων
1798 1833 1881 1876 585

409 1915 632 1964 πολλων
657 1908 977 1977 παρόντων·
1009 1905 1079 1978 ἢν
1102 1931 1207 1978 γαρ
1236 1905 1465 1977 αψωμαί
1483 1929 1648 1976 τινος,

408 1991 525 2049 τόδ’
556 1990 658 2047 οὐκ
686 1995 749 2064 ἐᾷ’
770 2015 864 2063 με,
893 2000 1198 2062 παρακαλεῖ
1221 1989 1273 2046 δ’
1302 1995 1523 2046 ἐκεῖθεν
1549 1992 1620 2045 αὐ

408 2078 554 2149 λύπη
579 2101 657 2142 τις
682 2075 819 2148 αλλη
848 2078 1098 2147 διαδοχος
1123 2100 1310 2131 κακων
1335 2089 1539 2140 κακοῖς.

407 2165 498 2218 καὶ
525 2169 633 2217 νῦν
657 2161 717 2217 τὸ
743 2163 843 2232 μὲν
869 2161 970 2217 σὸν
994 2159 1133 2217 ὥστε
1157 2160 1229 2231 μὴ
1256 2164 1470 2216 στένειν
1494 2160 1675 2224 πάθος

408 2245 510 2303 οῦκ
536 2244 604 2302 ἂν
630 2252 907 2318 δυναίμην
932 2250 1327 2313 ἐξαλείψασθαι
1352 2245 1582 2317 φρενός·
1799 2258 1884 2300 590

408 2332 468 2387 τὸ
496 2331 545 2388 δ’
575 2324 648 2387 αῦ
674 2338 800 2387 λίαν
825 2339 1078 2400 παρεῖλες
1105 2329 1440 2402 ἀγγελθεῖσά
1463 2354 1557 2401 μοι

406 2431 674 2489 γενναῖος.
710 2415 921 2473 οὔκουν
947 2416 1158 2487 δεινόν,
1188 2422 1240 2471 εί
1259 2423 1327 2487 γῆ
1353 2417 1454 2487 μὲν
1479 2414 1618 2486 κακὴ

408 2509 650 2573 τυχοῦσα
674 2508 873 2573 καιροῦ
896 2502 1109 2558 θεόθεν
1135 2494 1199 2556 m}
1222 2501 1428 2572 στάχυν
1453 2503 1629 2572 φέρει,

406 2586 611 2659 χρηστὴ
637 2585 690 2642 δ’
721 2584 1022 2658 ἁμαρτοῦσ’
1057 2580 1136 2642 ὧν
1161 2584 1340 2657 χρεων
1366 2583 1542 2657 αὐτὴν
1567 2595 1754 2654 τυχεῖν

407 2671 580 2728 κακὸν
608 2677 804 2728 δίδωσι
834 2672 1076 2742 καρπόν,
1110 2669 1402 2741 ἅνθρωποι
1425 2668 1479 2727 δ’
1510 2668 1597 2727 ἀεὶ
1798 2679 1880 2723 595

408 2755 435 2812 ὅ
461 2758 562 2828 μὲν
590 2756 833 2829 πονηρὸς
858 2755 1027 2813 οὐδὲν
1052 2754 1184 2812 ἄλλο
1211 2755 1355 2826 πλὴν
1379 2756 1563 2826 κακός,

407 2839 435 2895 ὁ
463 2847 496 2897 δ
503 2840 514 2859 '
545 2840 743 2906 ἐσθλὸς
772 2839 972 2906 ἐσθλὸς
996 2839 1129 2897 οὐδὲ
1154 2847 1443 2912 συμφορᾶς
1467 2837 1576 2896 ῦπο
