2022 3126
160 2105 273 2154 XO.

161 2273 320 2322 AYK.

544 109 879 154 ΗΡΑΚΔΗΣ
908 109 1411 157 ΜΑΙΝΟΜΕΝΟΣ
1689 107 1785 158 331

337 255 433 321 βίᾳ
458 248 517 304 δὲ
544 247 747 319 δράσῃς
771 248 973 317 μηδέν,
1004 242 1039 316 ἢ
1064 253 1239 302 πείσει
1263 254 1408 319 βίαν,
1711 265 1792 306 215

342 329 474 387 ὅταν
491 332 623 396 θεός
650 349 735 387 σοι
763 336 979 401 πνεῦμα
1003 331 1327 401 μεταβαλών
1354 331 1512 404 τύχῃ.

336 422 447 487 φεῦ
463 435 474 444 ·

336 494 379 555 ὦ
402 512 529 571 γαῖα
551 499 808 569 Κάδμου,
833 500 926 554 καὶ
949 497 1053 570 γὰρ
1081 505 1156 564 είς
1181 496 1230 554 σ’
1259 497 1519 572 ἀφίξομαι

336 585 534 655 λόγους
559 581 936 655 ὀνειδιστῆρας
960 583 1372 654 ἐνδατούμενος,

335 664 540 724 τοιαῦτ’
568 664 806 738 ἀμύνεθ’
833 665 1090 737 Ἡρακλεῖ
1110 669 1357 723 τέκνοισί
1373 691 1459 736 τες

335 749 393 817 ὃς
419 748 495 816 εἷς
518 751 794 807 Μινύαισι
817 757 950 806 πᾶσι
975 750 1065 807 διὰ
1089 751 1260 822 μάχης
1282 751 1468 823 μολών
1711 768 1795 809 22υ

338 833 542 907 Θήβαις
567 841 770 906 ἔθηκεν
793 833 912 907 ὄμμ’
942 836 1243 906 ἐλεύθερον
1266 838 1507 907 βλέπειν.

336 918 458 976 οὐδ’
479 917 697 975 Ἑλλάδ’
724 917 877 992 ᾕνεσ’
906 917 1029 975 οὐδ’
1056 917 1317 991 ἀνέξομαί
1334 943 1463 978 ποτε

335 1010 533 1075 σιγῶν,
559 1010 822 1074 κακίστην
849 1004 1144 1075 λαμβάνων
1173 1010 1248 1070 εἰς
1272 1001 1426 1059 παῖδ’
1456 1005 1603 1077 ἐμόν,

340 1085 410 1159 ἣν
433 1094 572 1159 χρῆν
594 1100 842 1153 νεοσσοῖς
865 1093 1048 1144 τοῖσδε
1072 1095 1185 1159 πῦρ
1210 1088 1409 1159 λόγχας
1434 1087 1574 1145 ὅπλα

338 1173 621 1244 φέρουσαν
648 1176 864 1241 ἐλθεῖν,
891 1179 1134 1228 ποντίων
1157 1173 1530 1244 καθαρμάτων
1713 1188 1794 1230 225

335 1258 535 1328 χέρσου
560 1252 608 1311 τ’
638 1254 895 1328 ἀμοιβάς,
927 1249 1006 1312 ὦν
1027 1258 1333 1328 ἐμόχθησεν
1356 1259 1532 1328 χάριν.

338 1340 403 1396 τὰ
431 1338 505 1411 δ’,
533 1335 576 1395 ὦ
599 1338 757 1410 τέκν’,
783 1337 916 1412 ὑμῖν
940 1339 1068 1397 οῦτε
1094 1348 1355 1413 Θηβαίων
1379 1341 1534 1408 πόλις

338 1421 468 1480 οὔθ’
489 1422 674 1490 Ἑλλὰς
698 1423 882 1497 ἀρκεῖ·
909 1424 1045 1497 πρὸς
1069 1423 1121 1480 δ’
1153 1423 1227 1497 ἔμ’
1257 1423 1468 1498 ἀσθενῆ
1500 1433 1667 1497 φίλον

339 1507 638 1581 δεδόρκατ’,
671 1507 839 1566 οὐδὲν
863 1506 996 1566 ὅντα
1019 1508 1163 1581 πλὴν
1184 1509 1433 1582 γλώσσης
1455 1511 1657 1582 ψόφον.

342 1593 495 1665 ρωμη
518 1593 621 1665 γὰρ
647 1595 963 1650 ἐκλέλοιπεν
984 1591 1055 1665 ἢν
1081 1596 1214 1666 πρὶν
1240 1602 1454 1667 εἴχομεν
1471 1614 1482 1624 ·
1714 1608 1798 1650 230

338 1678 482 1751 γήρᾳ
506 1679 567 1734 δὲ
590 1677 825 1750 τρομερὰ
848 1691 978 1750 γυῖα
1001 1676 1288 1750 κάμαυρὸν
1310 1681 1526 1745 σθένος.

343 1767 394 1818 εἰ
424 1761 478 1819 δ’
507 1760 543 1836 ἦ
589 1764 712 1828 νέος
735 1785 793 1818 τε
815 1759 937 1818 κᾶτι
960 1763 1207 1834 σώματος
1229 1770 1464 1834 κρατῶν,

340 1844 527 1918 λαβὼν
552 1842 620 1902 ἂν
644 1853 797 1919 ἔγχος
819 1851 984 1902 τοῦδε
1007 1846 1135 1912 τοὺς
1164 1847 1404 1914 ξανθοὺς
1427 1849 1665 1913 πλόκους

343 1929 695 2004 καθῃμάτωσ’
724 1929 818 2002 ἄν,
847 1928 964 1986 ὥστ’
987 1929 1350 1988 Ἀτλαντικῶν
1373 1934 1547 2004 πέραν

342 2016 575 2087 φεύγειν
599 2012 747 2088 ὅρων
776 2037 867 2071 νιν
896 2020 1074 2088 δειλίᾳ
1103 2013 1316 2086 τούμὸν
1346 2015 1505 2087 δόρυ.
1719 2030 1800 2073 235

343 2093 424 2172 ἀρ’
451 2097 553 2155 οὐκ
577 2097 829 2173 ἀφορμὰς
852 2113 962 2165 τοῖς
985 2101 1230 2172 λόγοισιν
1254 2097 1456 2172 ἁγαθοὶ

345 2190 571 2256 θνητῶν
599 2191 809 2255 ἔχουσι,
840 2181 944 2240 κᾶν
967 2185 1178 2258 βραδύς
1202 2208 1282 2249 τις
1304 2179 1339 2258 ᾗ
1363 2187 1546 2257 λέγειν
1566 2211 1579 2251 ;

347 2267 416 2324 σὺ
443 2268 543 2339 μὲν
566 2266 670 2339 λέγ’
699 2266 838 2340 ἡμᾶς
862 2265 942 2334 οἷς
965 2270 1323 2341 πεπύργωσαι
1348 2269 1544 2340 λόγοις,

348 2351 454 2424 ἐγὼ
481 2353 543 2408 δὲ
566 2353 750 2425 δράσω
781 2351 831 2408 σ’
863 2350 986 2409 ἀντὶ
1007 2360 1118 2409 τῶν
1141 2353 1325 2424 λόγων
1347 2360 1543 2419 κακῶς.

346 2434 446 2508 ἄγ’,
473 2442 529 2493 οἳ
547 2437 648 2508 μὲν
664 2435 922 2508 Ἑλικῶν’,
947 2442 1005 2493 οἳ
1024 2438 1085 2493 δὲ
1106 2444 1409 2509 Παρνασοῦ
1439 2441 1643 2508 πτυχὰς
1720 2451 1802 2493 240

348 2523 565 2591 τέμνειν
589 2519 798 2592 ἄνωχθ’
827 2522 1085 2586 ἐλθόντες
1108 2519 1422 2594 ὑλουργοὺς
1447 2521 1617 2594 δρυὸς

349 2605 586 2676 κορμούς
602 2625 612 2634 ·
640 2604 865 2661 ἐπειδὰν
891 2603 943 2662 δ’
975 2612 1403 2677 εἰσκομισθῶσιν
1426 2607 1597 2678 πόλει,

349 2687 537 2759 βωμὸν
558 2691 710 2760 πέριξ
733 2689 998 2761 νήσαντες
1021 2687 1246 2763 ἀμφήρη
1270 2692 1405 2758 ξύλα

351 2771 638 2845 ἐμπίπρατ’
665 2772 850 2829 αὐτῶν
871 2777 964 2830 καὶ
987 2780 1228 2845 πυροῦτε
1252 2776 1472 2847 στόματα

351 2856 598 2926 πάντων,
624 2855 688 2913 ἵν’
718 2856 901 2913 εἰδῶσ’
930 2856 1107 2914 οὕνεκ’
1136 2857 1236 2931 οὐχ
1261 2857 1289 2916 ὁ
1315 2859 1612 2916 κατθανών
1721 2872 1806 2916 245
