<?xml version="1.0" encoding="UTF-8"?>
<!DOCTYPE html PUBLIC "-//W3C//DTD XHTML 1.0 Transitional//EN"
    "http://www.w3.org/TR/xhtml1/DTD/xhtml1-transitional.dtd">
<html xmlns="http://www.w3.org/1999/xhtml" xml:lang="en" lang="en">
 <head>
  <title>
</title>
<meta http-equiv="Content-Type" content="text/html;charset=utf-8" />
  <meta name='ocr-system' content='tesseract 3.04.00' />
  <meta name='ocr-capabilities' content='ocr_page ocr_carea ocr_par ocr_line ocrx_word'/>
</head>
<body>
  <div class='ocr_page' id='page_1' title='image "./euripidistragoe01euriuoft_0255.png"; bbox 0 0 2022 3126; ppageno 0'>
   <div class='ocr_carea' id='block_1_1' title="bbox 829 114 1767 171">
    <p class='ocr_par' dir='ltr' id='par_1_1' title="bbox 829 114 1767 171">
     <span class='ocr_line' id='line_1_1' title="bbox 829 114 1767 171; baseline -0.003 -2"><span class='ocrx_word' id='word_1_1' title='bbox 829 122 1073 171; x_wconf 82' lang='lat' dir='ltr'><em>EKABH</em></span> <span class='ocrx_word' id='word_1_2' title='bbox 1671 114 1767 167; x_wconf 85' lang='lat'><em>155</em></span> 
     </span>
    </p>
   </div>
   <div class='ocr_carea' id='block_1_2' title="bbox 124 266 1778 2947">
    <p class='ocr_par' dir='ltr' id='par_1_2' title="bbox 124 266 1778 2947">
     <span class='ocr_line' id='line_1_2' title="bbox 304 266 946 335; baseline -0.002 -15"><span class='ocrx_word' id='word_1_3' title='bbox 304 266 703 333; x_wconf 82' lang='grc' dir='ltr'><em>ἆνθοκρόκοισι</em></span> <span class='ocrx_word' id='word_1_4' title='bbox 731 267 946 335; x_wconf 85' lang='grc' dir='ltr'><em>πήναις,</em></span> 
     </span>
     <span class='ocr_line' id='line_1_3' title="bbox 306 347 847 423; baseline -0.013 -15"><span class='ocrx_word' id='word_1_5' title='bbox 306 347 342 423; x_wconf 84' lang='grc' dir='ltr'><strong><em>ἦ</em></strong></span> <span class='ocrx_word' id='word_1_6' title='bbox 372 350 620 407; x_wconf 80' lang='grc' dir='ltr'><em>Τιτάνων</em></span> <span class='ocrx_word' id='word_1_7' title='bbox 649 348 847 419; x_wconf 83' lang='grc' dir='ltr'><em>γενεὰν</em></span> 
     </span>
     <span class='ocr_line' id='line_1_4' title="bbox 305 431 897 505; baseline -0.008 -14"><span class='ocrx_word' id='word_1_8' title='bbox 305 435 407 491; x_wconf 79' lang='grc' dir='ltr'><em>τὰν</em></span> <span class='ocrx_word' id='word_1_9' title='bbox 428 433 569 498; x_wconf 72' lang='grc' dir='ltr'><em>Ζεὺς</em></span> <span class='ocrx_word' id='word_1_10' title='bbox 594 431 897 505; x_wconf 79' lang='grc' dir='ltr'><em>ἀμφιπύρῳ</em></span> 
     </span>
     <span class='ocr_line' id='line_1_5' title="bbox 307 518 1120 591; baseline -0.011 -15"><span class='ocrx_word' id='word_1_11' title='bbox 307 525 533 590; x_wconf 81' lang='grc' dir='ltr'><strong><em>κοιμίζει</em></strong></span> <span class='ocrx_word' id='word_1_12' title='bbox 555 522 788 591; x_wconf 77' lang='grc' dir='ltr'><em>φλογμῷ</em></span> <span class='ocrx_word' id='word_1_13' title='bbox 814 518 1120 585; x_wconf 86' lang='grc' dir='ltr'><em>Κρονίδας;</em></span> 
     </span>
     <span class='ocr_line' id='line_1_6' title="bbox 308 591 1769 675; baseline -0.009 -15"><span class='ocrx_word' id='word_1_14' title='bbox 308 602 446 675; x_wconf 82' lang='grc' dir='ltr'><em>ῶμοι</em></span> <span class='ocrx_word' id='word_1_15' title='bbox 471 603 675 658; x_wconf 79' lang='grc' dir='ltr'><em>τεκέων</em></span> <span class='ocrx_word' id='word_1_16' title='bbox 700 604 864 672; x_wconf 84' lang='grc' dir='ltr'><em>ἐμῶν,</em></span> <span class='ocrx_word' id='word_1_17' title='bbox 1541 591 1655 649; x_wconf 69' lang='grc' dir='ltr'><em>ἀντ.</em></span> <span class='ocrx_word' id='word_1_18' title='bbox 1687 605 1769 649; x_wconf 74' lang='lat'><em>475</em></span> 
     </span>
     <span class='ocr_line' id='line_1_7' title="bbox 309 679 1057 760; baseline -0.011 -15"><span class='ocrx_word' id='word_1_19' title='bbox 309 687 445 760; x_wconf 84' lang='grc' dir='ltr'><em>ῶμοι</em></span> <span class='ocrx_word' id='word_1_20' title='bbox 470 689 724 758; x_wconf 77' lang='grc' dir='ltr'><em>πατέρων</em></span> <span class='ocrx_word' id='word_1_21' title='bbox 746 683 949 756; x_wconf 77' lang='grc' dir='ltr'><em>χθονός</em></span> <span class='ocrx_word' id='word_1_22' title='bbox 972 679 1057 745; x_wconf 70' lang='grc' dir='ltr'><em>θ’,</em></span> 
     </span>
     <span class='ocr_line' id='line_1_8' title="bbox 308 771 958 845; baseline -0.011 -16"><span class='ocrx_word' id='word_1_23' title='bbox 308 771 342 829; x_wconf 72' lang='grc' dir='ltr'><em>ἃ</em></span> <span class='ocrx_word' id='word_1_24' title='bbox 365 778 554 845; x_wconf 76' lang='grc' dir='ltr'><em>καπνῷ</em></span> <span class='ocrx_word' id='word_1_25' title='bbox 581 775 958 840; x_wconf 77' lang='grc' dir='ltr'><em>κατερείπεται</em></span> 
     </span>
     <span class='ocr_line' id='line_1_9' title="bbox 309 858 938 929; baseline -0.013 -16"><span class='ocrx_word' id='word_1_26' title='bbox 309 858 593 929; x_wconf 85' lang='grc' dir='ltr'><em>τυφομένα</em></span> <span class='ocrx_word' id='word_1_27' title='bbox 616 860 938 926; x_wconf 89' lang='grc' dir='ltr'><em>δορίκτητος</em></span> 
     </span>
     <span class='ocr_line' id='line_1_10' title="bbox 305 935 1008 1012; baseline -0.02 -12"><span class='ocrx_word' id='word_1_28' title='bbox 305 944 587 1012; x_wconf 71' lang='grc' dir='ltr'><em>Ἀργείων·</em></span> <span class='ocrx_word' id='word_1_29' title='bbox 619 938 722 1006; x_wconf 81' lang='grc' dir='ltr'><em>ε’γῶ</em></span> <span class='ocrx_word' id='word_1_30' title='bbox 752 935 801 989; x_wconf 87' lang='grc' dir='ltr'><em>δ’</em></span> <span class='ocrx_word' id='word_1_31' title='bbox 835 938 894 988; x_wconf 84' lang='grc' dir='ltr'><em>ἐν</em></span> <span class='ocrx_word' id='word_1_32' title='bbox 927 938 1008 998; x_wconf 84' lang='grc' dir='ltr'><em>ξεί</em></span> 
     </span>
     <span class='ocr_line' id='line_1_11' title="bbox 311 1025 1773 1095; baseline -0.012 -16"><span class='ocrx_word' id='word_1_33' title='bbox 311 1047 381 1095; x_wconf 82' lang='grc' dir='ltr'><em>να</em></span> <span class='ocrx_word' id='word_1_34' title='bbox 408 1027 571 1092; x_wconf 77' lang='grc' dir='ltr'><em>χθονὶ</em></span> <span class='ocrx_word' id='word_1_35' title='bbox 602 1025 669 1090; x_wconf 83' lang='grc' dir='ltr'><em>δὴ</em></span> <span class='ocrx_word' id='word_1_36' title='bbox 698 1026 962 1088; x_wconf 81' lang='grc' dir='ltr'><em>κέκλημαι</em></span> <span class='ocrx_word' id='word_1_37' title='bbox 1689 1029 1773 1070; x_wconf 71' lang='grc'><em>480</em></span> 
     </span>
     <span class='ocr_line' id='line_1_12' title="bbox 309 1104 969 1180; baseline -0.009 -14"><span class='ocrx_word' id='word_1_38' title='bbox 309 1111 508 1180; x_wconf 85' lang='grc' dir='ltr'><em>δούλα,</em></span> <span class='ocrx_word' id='word_1_39' title='bbox 535 1105 756 1165; x_wconf 88' lang='grc' dir='ltr'><em>λιποῦσ’</em></span> <span class='ocrx_word' id='word_1_40' title='bbox 782 1104 969 1162; x_wconf 81' lang='grc' dir='ltr'><em>Ἀσίαν</em></span> 
     </span>
     <span class='ocr_line' id='line_1_13' title="bbox 307 1192 915 1265; baseline -0.01 -14"><span class='ocrx_word' id='word_1_41' title='bbox 307 1193 584 1265; x_wconf 75' lang='grc' dir='ltr'><em>Εὐρώπας</em></span> <span class='ocrx_word' id='word_1_42' title='bbox 606 1192 915 1263; x_wconf 79' lang='grc' dir='ltr'><em>θεράπναν,</em></span> 
     </span>
     <span class='ocr_line' id='line_1_14' title="bbox 311 1275 1071 1346; baseline -0.012 -10"><span class='ocrx_word' id='word_1_43' title='bbox 311 1276 567 1346; x_wconf 78' lang='grc' dir='ltr'><em>ἄλλάξασ’</em></span> <span class='ocrx_word' id='word_1_44' title='bbox 582 1275 742 1333; x_wconf 59' lang='grc' dir='ltr'><em>“Ἀιδα</em></span> <span class='ocrx_word' id='word_1_45' title='bbox 767 1275 1071 1346; x_wconf 76' lang='grc' dir='ltr'><em>θαλάμους.</em></span> 
     </span>
     <span class='ocr_line' id='line_1_15' title="bbox 127 1348 1437 1434; baseline -0.008 -15"><span class='ocrx_word' id='word_1_46' title='bbox 127 1371 238 1420; x_wconf 90' lang='grc' dir='ltr'><em>ΤΑ.</em></span> <span class='ocrx_word' id='word_1_47' title='bbox 305 1371 414 1421; x_wconf 92' lang='grc' dir='ltr'><em>ποῦ</em></span> <span class='ocrx_word' id='word_1_48' title='bbox 439 1362 539 1434; x_wconf 88' lang='grc' dir='ltr'><em>τὴν</em></span> <span class='ocrx_word' id='word_1_49' title='bbox 563 1361 809 1418; x_wconf 72' lang='grc' dir='ltr'><em>ἄνασσαν</em></span> <span class='ocrx_word' id='word_1_50' title='bbox 835 1360 902 1430; x_wconf 89' lang='grc' dir='ltr'><em>δή</em></span> <span class='ocrx_word' id='word_1_51' title='bbox 931 1354 1051 1414; x_wconf 81' lang='grc' dir='ltr'><em>ποτ’</em></span> <span class='ocrx_word' id='word_1_52' title='bbox 1082 1348 1257 1412; x_wconf 76' lang='grc' dir='ltr'><em>οὖσαν</em></span> <span class='ocrx_word' id='word_1_53' title='bbox 1276 1359 1437 1410; x_wconf 87' lang='grc' dir='ltr'><em>Ἰλίου</em></span> 
     </span>
     <span class='ocr_line' id='line_1_16' title="bbox 301 1439 1775 1520; baseline -0.01 -16"><span class='ocrx_word' id='word_1_54' title='bbox 301 1447 533 1520; x_wconf 83' lang='grc' dir='ltr'><em>Ἑκάβην</em></span> <span class='ocrx_word' id='word_1_55' title='bbox 559 1445 627 1502; x_wconf 76' lang='grc' dir='ltr'><em>ἂν</em></span> <span class='ocrx_word' id='word_1_56' title='bbox 652 1445 954 1516; x_wconf 81' lang='grc' dir='ltr'><em>ἐξεύροιμι,</em></span> <span class='ocrx_word' id='word_1_57' title='bbox 989 1441 1243 1515; x_wconf 79' lang='grc' dir='ltr'><em>Τρῳάδες</em></span> <span class='ocrx_word' id='word_1_58' title='bbox 1266 1439 1452 1510; x_wconf 86' lang='grc' dir='ltr'><em>κόραι;</em></span> <span class='ocrx_word' id='word_1_59' title='bbox 1693 1452 1775 1495; x_wconf 81' lang='lat'><em>485</em></span> 
     </span>
     <span class='ocr_line' id='line_1_17' title="bbox 124 1524 1452 1604; baseline -0.01 -14"><span class='ocrx_word' id='word_1_60' title='bbox 124 1541 236 1589; x_wconf 85' lang='lat' dir='ltr'><em>XO.</em></span> <span class='ocrx_word' id='word_1_61' title='bbox 310 1531 447 1604; x_wconf 77' lang='grc' dir='ltr'><em>αὕτη</em></span> <span class='ocrx_word' id='word_1_62' title='bbox 474 1535 638 1596; x_wconf 89' lang='grc' dir='ltr'><em>πέλας</em></span> <span class='ocrx_word' id='word_1_63' title='bbox 663 1548 764 1586; x_wconf 92' lang='grc' dir='ltr'><em>σου</em></span> <span class='ocrx_word' id='word_1_64' title='bbox 787 1527 919 1584; x_wconf 82' lang='grc' dir='ltr'><em>νῶτ’</em></span> <span class='ocrx_word' id='word_1_65' title='bbox 949 1524 1131 1597; x_wconf 81' lang='grc' dir='ltr'><em>ἐ’χουσ’</em></span> <span class='ocrx_word' id='word_1_66' title='bbox 1161 1527 1250 1581; x_wconf 78' lang='grc' dir='ltr'><em>ἐπὶ</em></span> <span class='ocrx_word' id='word_1_67' title='bbox 1271 1529 1452 1595; x_wconf 79' lang='grc' dir='ltr'><em>χθονί,</em></span> 
     </span>
     <span class='ocr_line' id='line_1_18' title="bbox 313 1612 1532 1688; baseline -0.012 -14"><span class='ocrx_word' id='word_1_68' title='bbox 313 1617 621 1688; x_wconf 83' lang='grc' dir='ltr'><em>Ταλθύβιε,</em></span> <span class='ocrx_word' id='word_1_69' title='bbox 650 1628 824 1671; x_wconf 90' lang='grc' dir='ltr'><em>κεῖται</em></span> <span class='ocrx_word' id='word_1_70' title='bbox 856 1612 1262 1681; x_wconf 82' lang='grc' dir='ltr'><em>ξυγκεκλῃμένη</em></span> <span class='ocrx_word' id='word_1_71' title='bbox 1292 1612 1532 1670; x_wconf 88' lang='grc' dir='ltr'><em>πέπλοις.</em></span> 
     </span>
     <span class='ocr_line' id='line_1_19' title="bbox 130 1688 1643 1771; baseline -0.01 -12"><span class='ocrx_word' id='word_1_72' title='bbox 130 1711 236 1759; x_wconf 84' lang='grc' dir='ltr'><em>ΤΑ.</em></span> <span class='ocrx_word' id='word_1_73' title='bbox 302 1696 345 1758; x_wconf 82' lang='grc' dir='ltr'><em>ῶ</em></span> <span class='ocrx_word' id='word_1_74' title='bbox 372 1708 482 1758; x_wconf 90' lang='grc' dir='ltr'><em>Ζεῦ</em></span> <span class='ocrx_word' id='word_1_75' title='bbox 499 1745 512 1771; x_wconf 91' lang='grc'><em>,</em></span> <span class='ocrx_word' id='word_1_76' title='bbox 538 1708 596 1756; x_wconf 94' lang='grc' dir='ltr'><em>τί</em></span> <span class='ocrx_word' id='word_1_77' title='bbox 614 1703 778 1765; x_wconf 83' lang='grc' dir='ltr'><em>λέξω;</em></span> <span class='ocrx_word' id='word_1_78' title='bbox 810 1696 1013 1767; x_wconf 88' lang='grc' dir='ltr'><em>πότερά</em></span> <span class='ocrx_word' id='word_1_79' title='bbox 1037 1694 1089 1751; x_wconf 83' lang='grc' dir='ltr'><em>σ’</em></span> <span class='ocrx_word' id='word_1_80' title='bbox 1119 1692 1454 1765; x_wconf 74' lang='grc' dir='ltr'><em>ἀνθρώπους</em></span> <span class='ocrx_word' id='word_1_81' title='bbox 1479 1688 1643 1760; x_wconf 81' lang='grc' dir='ltr'><em>ὁρᾶν;</em></span> 
     </span>
     <span class='ocr_line' id='line_1_20' title="bbox 309 1776 1448 1858; baseline -0.011 -15"><span class='ocrx_word' id='word_1_82' title='bbox 309 1784 344 1858; x_wconf 79' lang='grc' dir='ltr'><em>ἢ</em></span> <span class='ocrx_word' id='word_1_83' title='bbox 368 1787 532 1853; x_wconf 83' lang='grc' dir='ltr'><em>δόξαν</em></span> <span class='ocrx_word' id='word_1_84' title='bbox 558 1783 735 1848; x_wconf 72' lang='grc' dir='ltr'><em>ἄλλως</em></span> <span class='ocrx_word' id='word_1_85' title='bbox 758 1783 923 1853; x_wconf 81' lang='grc' dir='ltr'><em>τήνδε</em></span> <span class='ocrx_word' id='word_1_86' title='bbox 948 1785 1251 1850; x_wconf 83' lang='grc' dir='ltr'><em>κεκτῆσθαι</em></span> <span class='ocrx_word' id='word_1_87' title='bbox 1275 1776 1448 1848; x_wconf 87' lang='grc' dir='ltr'><em>μάτην</em></span> 
     </span>
     <span class='ocr_line' id='line_1_21' title="bbox 301 1859 1776 1943; baseline -0.012 -15"><span class='ocrx_word' id='word_1_88' title='bbox 301 1872 519 1943; x_wconf 77' lang='grc' dir='ltr'><em>[ψευδῆ,</em></span> <span class='ocrx_word' id='word_1_89' title='bbox 547 1874 849 1931; x_wconf 80' lang='grc' dir='ltr'><em>δοκοῦντας</em></span> <span class='ocrx_word' id='word_1_90' title='bbox 874 1864 1156 1937; x_wconf 86' lang='grc' dir='ltr'><em>δαιμόνων</em></span> <span class='ocrx_word' id='word_1_91' title='bbox 1181 1862 1322 1918; x_wconf 79' lang='grc' dir='ltr'><em>εἶναι</em></span> <span class='ocrx_word' id='word_1_92' title='bbox 1345 1859 1554 1932; x_wconf 71' lang='grc' dir='ltr'><em>γένος],</em></span> <span class='ocrx_word' id='word_1_93' title='bbox 1693 1870 1776 1914; x_wconf 74' lang='lat'><em>490</em></span> 
     </span>
     <span class='ocr_line' id='line_1_22' title="bbox 310 1948 1505 2027; baseline -0.012 -15"><span class='ocrx_word' id='word_1_94' title='bbox 310 1956 483 2027; x_wconf 83' lang='grc' dir='ltr'><em>τύχην</em></span> <span class='ocrx_word' id='word_1_95' title='bbox 507 1955 569 2010; x_wconf 77' lang='grc' dir='ltr'><em>δὲ</em></span> <span class='ocrx_word' id='word_1_96' title='bbox 593 1953 771 2008; x_wconf 83' lang='grc' dir='ltr'><em>πάντα</em></span> <span class='ocrx_word' id='word_1_97' title='bbox 794 1948 895 2007; x_wconf 79' lang='grc' dir='ltr'><em>τάν</em></span> <span class='ocrx_word' id='word_1_98' title='bbox 919 1957 1135 2022; x_wconf 82' lang='grc' dir='ltr'><em>βροτοῖς</em></span> <span class='ocrx_word' id='word_1_99' title='bbox 1158 1951 1505 2009; x_wconf 83' lang='grc' dir='ltr'><em>ἐπισκοπεῖν;</em></span> 
     </span>
     <span class='ocr_line' id='line_1_23' title="bbox 311 2032 1574 2111; baseline -0.012 -14"><span class='ocrx_word' id='word_1_100' title='bbox 311 2038 411 2111; x_wconf 79' lang='grc' dir='ltr'><em>οὐχ</em></span> <span class='ocrx_word' id='word_1_101' title='bbox 433 2037 524 2110; x_wconf 81' lang='grc' dir='ltr'><em>ἥδ’</em></span> <span class='ocrx_word' id='word_1_102' title='bbox 553 2037 765 2094; x_wconf 72' lang='grc' dir='ltr'><em>ἄνασσα</em></span> <span class='ocrx_word' id='word_1_103' title='bbox 788 2042 899 2091; x_wconf 89' lang='grc' dir='ltr'><em>τῶν</em></span> <span class='ocrx_word' id='word_1_104' title='bbox 924 2032 1291 2104; x_wconf 83' lang='grc' dir='ltr'><em>πολυχρύσων</em></span> <span class='ocrx_word' id='word_1_105' title='bbox 1316 2035 1574 2100; x_wconf 81' lang='grc' dir='ltr'><em>Φρυγῶν,</em></span> 
     </span>
     <span class='ocr_line' id='line_1_24' title="bbox 311 2115 1541 2196; baseline -0.012 -14"><span class='ocrx_word' id='word_1_106' title='bbox 311 2123 410 2196; x_wconf 80' lang='grc' dir='ltr'><em>οὐχ</em></span> <span class='ocrx_word' id='word_1_107' title='bbox 433 2123 533 2196; x_wconf 78' lang='grc' dir='ltr'><em>ἥδε</em></span> <span class='ocrx_word' id='word_1_108' title='bbox 555 2123 813 2194; x_wconf 86' lang='grc' dir='ltr'><em>Πριάμου</em></span> <span class='ocrx_word' id='word_1_109' title='bbox 837 2126 936 2176; x_wconf 92' lang='grc' dir='ltr'><em>τοῦ</em></span> <span class='ocrx_word' id='word_1_110' title='bbox 959 2115 1081 2191; x_wconf 84' lang='grc' dir='ltr'><em>μέγ’</em></span> <span class='ocrx_word' id='word_1_111' title='bbox 1111 2115 1306 2188; x_wconf 85' lang='grc' dir='ltr'><em>ὀλβίου</em></span> <span class='ocrx_word' id='word_1_112' title='bbox 1334 2115 1541 2185; x_wconf 85' lang='grc' dir='ltr'><em>δάμαρ;</em></span> 
     </span>
     <span class='ocr_line' id='line_1_25' title="bbox 311 2201 1489 2278; baseline -0.012 -12"><span class='ocrx_word' id='word_1_113' title='bbox 311 2212 403 2265; x_wconf 84' lang='grc' dir='ltr'><em>καὶ</em></span> <span class='ocrx_word' id='word_1_114' title='bbox 426 2216 533 2265; x_wconf 90' lang='grc' dir='ltr'><em>νῦν</em></span> <span class='ocrx_word' id='word_1_115' title='bbox 559 2209 713 2272; x_wconf 89' lang='grc' dir='ltr'><em>πόλις</em></span> <span class='ocrx_word' id='word_1_116' title='bbox 737 2206 837 2278; x_wconf 73' lang='grc' dir='ltr'><em>μὲν</em></span> <span class='ocrx_word' id='word_1_117' title='bbox 862 2202 991 2260; x_wconf 58' lang='lat' dir='ltr'><em>aad</em></span> <span class='ocrx_word' id='word_1_118' title='bbox 1023 2201 1322 2272; x_wconf 80' lang='grc' dir='ltr'><em>ἀνέστηκεν</em></span> <span class='ocrx_word' id='word_1_119' title='bbox 1347 2204 1489 2268; x_wconf 84' lang='grc' dir='ltr'><em>δορί,</em></span> 
     </span>
     <span class='ocr_line' id='line_1_26' title="bbox 312 2285 1776 2365; baseline -0.012 -15"><span class='ocrx_word' id='word_1_120' title='bbox 312 2291 449 2365; x_wconf 77' lang='grc' dir='ltr'><em>αὕτη</em></span> <span class='ocrx_word' id='word_1_121' title='bbox 474 2295 536 2349; x_wconf 76' lang='grc' dir='ltr'><em>δὲ</em></span> <span class='ocrx_word' id='word_1_122' title='bbox 559 2293 732 2362; x_wconf 82' lang='grc' dir='ltr'><em>δούλη</em></span> <span class='ocrx_word' id='word_1_123' title='bbox 757 2296 930 2363; x_wconf 87' lang='grc' dir='ltr'><em>γραῦς</em></span> <span class='ocrx_word' id='word_1_124' title='bbox 954 2287 1116 2352; x_wconf 70' lang='grc' dir='ltr'><em>ἅπαις</em></span> <span class='ocrx_word' id='word_1_125' title='bbox 1142 2289 1230 2342; x_wconf 82' lang='grc' dir='ltr'><em>ἐπὶ</em></span> <span class='ocrx_word' id='word_1_126' title='bbox 1252 2285 1415 2356; x_wconf 80' lang='grc' dir='ltr'><em>χθονὶ</em></span> <span class='ocrx_word' id='word_1_127' title='bbox 1697 2292 1776 2334; x_wconf 76' lang='lat'><em>495</em></span> 
     </span>
     <span class='ocr_line' id='line_1_27' title="bbox 311 2369 1428 2471; baseline -0.011 -37"><span class='ocrx_word' id='word_1_128' title='bbox 311 2392 484 2434; x_wconf 90' lang='grc' dir='ltr'><em>κεῖται</em></span> <span class='ocrx_word' id='word_1_129' title='bbox 508 2378 660 2433; x_wconf 89' lang='grc' dir='ltr'><em>κόνει</em></span> <span class='ocrx_word' id='word_1_130' title='bbox 685 2376 946 2448; x_wconf 82' lang='grc' dir='ltr'><em>φύρουσα</em></span> <span class='ocrx_word' id='word_1_131' title='bbox 970 2373 1247 2471; x_wconf 85' lang='grc' dir='ltr'><em>δύστηνον</em></span> <span class='ocrx_word' id='word_1_132' title='bbox 1271 2369 1428 2440; x_wconf 84' lang='grc' dir='ltr'><em>κάρα.</em></span> 
     </span>
     <span class='ocr_line' id='line_1_28' title="bbox 312 2453 1669 2533; baseline -0.011 -15"><span class='ocrx_word' id='word_1_133' title='bbox 312 2469 421 2533; x_wconf 84' lang='grc' dir='ltr'><em>φεῦ</em></span> <span class='ocrx_word' id='word_1_134' title='bbox 448 2468 580 2533; x_wconf 87' lang='grc' dir='ltr'><em>φεῦ·</em></span> <span class='ocrx_word' id='word_1_135' title='bbox 611 2464 790 2533; x_wconf 90' lang='grc' dir='ltr'><em>γέρων</em></span> <span class='ocrx_word' id='word_1_136' title='bbox 813 2462 914 2531; x_wconf 90' lang='grc' dir='ltr'><em>μέν</em></span> <span class='ocrx_word' id='word_1_137' title='bbox 941 2455 1048 2530; x_wconf 79' lang='grc' dir='ltr'><em>εἰμ’</em></span> <span class='ocrx_word' id='word_1_138' title='bbox 1056 2500 1070 2527; x_wconf 90' lang='grc'><em>,</em></span> <span class='ocrx_word' id='word_1_139' title='bbox 1096 2453 1241 2526; x_wconf 89' lang='grc' dir='ltr'><em>όμως</em></span> <span class='ocrx_word' id='word_1_140' title='bbox 1264 2456 1330 2509; x_wconf 87' lang='grc' dir='ltr'><em>δέ</em></span> <span class='ocrx_word' id='word_1_141' title='bbox 1350 2476 1441 2524; x_wconf 91' lang='grc' dir='ltr'><em>μοι</em></span> <span class='ocrx_word' id='word_1_142' title='bbox 1470 2460 1669 2506; x_wconf 79' lang='grc' dir='ltr'><em>θανεῖν</em></span> 
     </span>
     <span class='ocr_line' id='line_1_29' title="bbox 314 2539 1429 2618; baseline -0.012 -14"><span class='ocrx_word' id='word_1_143' title='bbox 314 2557 396 2618; x_wconf 77' lang='grc' dir='ltr'><em>εἴη</em></span> <span class='ocrx_word' id='word_1_144' title='bbox 422 2550 555 2618; x_wconf 83' lang='grc' dir='ltr'><em>πρὶν</em></span> <span class='ocrx_word' id='word_1_145' title='bbox 580 2551 777 2618; x_wconf 80' lang='grc' dir='ltr'><em>αἰσχρᾷ</em></span> <span class='ocrx_word' id='word_1_146' title='bbox 800 2555 1118 2614; x_wconf 86' lang='grc' dir='ltr'><em>περιπεσεῖν</em></span> <span class='ocrx_word' id='word_1_147' title='bbox 1143 2539 1278 2611; x_wconf 84' lang='grc' dir='ltr'><em>τύχῃ</em></span> <span class='ocrx_word' id='word_1_148' title='bbox 1304 2544 1429 2592; x_wconf 86' lang='grc' dir='ltr'><em>τινί.</em></span> 
     </span>
     <span class='ocr_line' id='line_1_30' title="bbox 312 2624 1384 2701; baseline -0.009 -14"><span class='ocrx_word' id='word_1_149' title='bbox 312 2628 583 2701; x_wconf 83' lang='grc' dir='ltr'><em>ἆνίστασ’,</em></span> <span class='ocrx_word' id='word_1_150' title='bbox 612 2632 653 2686; x_wconf 85' lang='grc' dir='ltr'><em>ῶ</em></span> <span class='ocrx_word' id='word_1_151' title='bbox 683 2630 948 2700; x_wconf 83' lang='grc' dir='ltr'><em>δύστηνε,</em></span> <span class='ocrx_word' id='word_1_152' title='bbox 974 2628 1067 2682; x_wconf 88' lang='grc' dir='ltr'><em>καὶ</em></span> <span class='ocrx_word' id='word_1_153' title='bbox 1092 2624 1384 2695; x_wconf 87' lang='grc' dir='ltr'><em>μετάρσιον</em></span> 
     </span>
     <span class='ocr_line' id='line_1_31' title="bbox 313 2706 1778 2787; baseline -0.01 -16"><span class='ocrx_word' id='word_1_154' title='bbox 313 2714 562 2787; x_wconf 81' lang='grc' dir='ltr'><em>πλευρὰν</em></span> <span class='ocrx_word' id='word_1_155' title='bbox 585 2737 775 2785; x_wconf 88' lang='grc' dir='ltr'><em>επαιρε</em></span> <span class='ocrx_word' id='word_1_156' title='bbox 797 2715 890 2769; x_wconf 85' lang='grc' dir='ltr'><em>καὶ</em></span> <span class='ocrx_word' id='word_1_157' title='bbox 914 2710 973 2767; x_wconf 88' lang='grc' dir='ltr'><em>τὸ</em></span> <span class='ocrx_word' id='word_1_158' title='bbox 999 2710 1311 2765; x_wconf 79' lang='grc' dir='ltr'><em>πάλλευκον</em></span> <span class='ocrx_word' id='word_1_159' title='bbox 1335 2706 1491 2776; x_wconf 88' lang='grc' dir='ltr'><em>κάρα.</em></span> <span class='ocrx_word' id='word_1_160' title='bbox 1693 2714 1778 2755; x_wconf 83' lang='lat'><em>500</em></span> 
     </span>
     <span class='ocr_line' id='line_1_32' title="bbox 130 2790 1343 2869; baseline -0.007 -14"><span class='ocrx_word' id='word_1_161' title='bbox 130 2807 238 2855; x_wconf 65' lang='lat' dir='ltr'><em>HJK.</em></span> <span class='ocrx_word' id='word_1_162' title='bbox 312 2805 399 2855; x_wconf 82' lang='grc' dir='ltr'><em>ἔα·</em></span> <span class='ocrx_word' id='word_1_163' title='bbox 431 2805 511 2864; x_wconf 89' lang='grc' dir='ltr'><em>τίς</em></span> <span class='ocrx_word' id='word_1_164' title='bbox 534 2800 695 2864; x_wconf 81' lang='grc' dir='ltr'><em>οὗτος</em></span> <span class='ocrx_word' id='word_1_165' title='bbox 719 2804 873 2869; x_wconf 86' lang='grc' dir='ltr'><em>σῶμα</em></span> <span class='ocrx_word' id='word_1_166' title='bbox 896 2793 1102 2866; x_wconf 75' lang='grc' dir='ltr'><em>τούμὸν</em></span> <span class='ocrx_word' id='word_1_167' title='bbox 1124 2790 1227 2848; x_wconf 85' lang='grc' dir='ltr'><em>οῦκ</em></span> <span class='ocrx_word' id='word_1_168' title='bbox 1252 2795 1343 2865; x_wconf 79' lang='grc' dir='ltr'><em>ἐᾷς</em></span> 
     </span>
     <span class='ocr_line' id='line_1_33' title="bbox 315 2875 1582 2947; baseline -0.01 -7"><span class='ocrx_word' id='word_1_169' title='bbox 315 2893 565 2945; x_wconf 77' lang='grc' dir='ltr'><em>κεῖσθαις</em></span> <span class='ocrx_word' id='word_1_170' title='bbox 593 2889 653 2937; x_wconf 90' lang='grc' dir='ltr'><em>τί</em></span> <span class='ocrx_word' id='word_1_171' title='bbox 671 2895 841 2946; x_wconf 89' lang='grc' dir='ltr'><em>κινεῖς</em></span> <span class='ocrx_word' id='word_1_172' title='bbox 863 2879 922 2947; x_wconf 87' lang='grc' dir='ltr'><em>μ’</em></span> <span class='ocrx_word' id='word_1_173' title='bbox 954 2896 1100 2942; x_wconf 87' lang='grc' dir='ltr'><em>οστις</em></span> <span class='ocrx_word' id='word_1_174' title='bbox 1126 2876 1176 2933; x_wconf 82' lang='grc' dir='ltr'><em>εἴ</em></span> <span class='ocrx_word' id='word_1_175' title='bbox 1196 2875 1582 2944; x_wconf 71' lang='grc' dir='ltr'><em>λυπουμένηνε</em></span> 
     </span>
    </p>
   </div>
  </div>
 </body>
</html>
