2022 3126
229 84 365 125 XLVI
439 81 522 121 DE
553 79 878 122 CODICIBVS
907 80 1259 122 EVRIPIDEIS
1288 81 1368 122 ET
1397 81 1794 123 EDITIONIBVS

235 210 469 256 titerunt:
511 206 641 270 apud
667 205 851 270 Anglos
886 209 1077 256 recenti
1112 210 1346 256 memoria
1374 207 1574 257 Carolus
1601 206 1877 257 Badhamus

238 277 356 339 (Iph.
386 275 442 325 T.
482 276 589 325 Hel.
628 277 730 325 Ion.
763 277 914 339 1851)
955 279 1322 340 sagacissimum
1360 293 1412 326 se
1451 280 1675 327 criticum
1715 286 1876 326 osten-

236 346 320 395 dit.
372 346 502 410 quod
530 361 642 396 vero
681 348 1021 410 gravissimum
1060 354 1180 402 erat,
1219 356 1274 396 ut
1301 347 1876 411 optimorum-librorum

235 415 449 465 subsidia
488 419 892 481 anquirerentur,
943 419 990 465 ei
1025 419 1101 466 rei
1139 417 1253 466 satis
1299 418 1417 466 fecit
1452 420 1504 466 Α.
1545 416 1879 467 Kirchliosfius

237 485 297 549 (a.
339 488 518 550 1855),
560 488 641 551 qui
679 485 904 534 codicum
942 493 1224 535 nostrorum
1263 489 1554 535 auctoritate
1590 491 1643 536 in
1680 489 1877 536 univer·

234 571 339 605 sum
377 564 513 605 recte
559 557 800 621 pensitata
837 557 897 603 iis
934 557 1018 619 qui
1055 556 1343 619 Euripideas
1387 557 1576 605 fabulas
1614 557 1878 606 emendare

235 633 533 675 conarentur
587 627 765 673 muniit
822 627 950 674 viam
1003 634 1051 674 et
1096 627 1400 674 monstravit.
1477 627 1618 675 huius
1676 627 1878 675 editioni

236 711 394 746 meam
435 710 635 760 operam
674 696 787 743 duxi
827 695 1291 744 accommodandam
1329 697 1547 745 rationes
1583 702 1758 745 tenens
1796 712 1877 746 eas

235 782 356 830 quas
401 767 452 813 in
491 765 642 814 altera
690 765 904 813 editione
943 781 985 813 a.
1029 768 1162 815 1857
1210 766 1485 829 sequendas
1531 765 1652 814 mihi
1700 781 1878 830 propo-

235 851 445 890 sueram,
485 842 537 883 ut
562 837 810 883 annotatio
838 836 1005 883 critica
1034 837 1230 898 utrique
1256 835 1489 884 volumini
1515 851 1540 884 a
1567 835 1708 884 nobis
1735 851 1877 899 prae-

235 908 383 955 missa
411 905 767 954 Kirchhoffiani
805 912 1068 970 apparatus
1106 904 1503 970 supplementum
1542 921 1648 954 esse
1684 905 1876 954 vellem.

235 979 338 1040 ipse
377 991 502 1039 quae
551 976 713 1024 invitis
759 975 899 1024 libris
936 990 1192 1024 novassem
1241 976 1476 1040 pleraque
1513 977 1678 1025 omnia
1714 978 1878 1040 putavi

236 1045 665 1094 commemoranda
681 1042 757 1108 96).
811 1046 994 1095 alienas
1022 1046 1385 1094 emendationes
1412 1060 1511 1094 non
1538 1046 1748 1096 indicavi
1788 1047 1881 1094 nisi

236 1132 355 1181 quas
393 1132 418 1165 a
455 1115 760 1165 Kirchhoffio
799 1117 1004 1165 omissas
1051 1123 1135 1165 aut
1172 1119 1361 1164 auctori
1399 1131 1498 1164 non
1546 1131 1633 1164 suo
1671 1116 1880 1165 tributas

235 1186 481 1235 vidissem.
561 1186 821 1248 aliquoties
858 1193 1021 1234 tamen
1059 1186 1170 1234 ideo
1208 1185 1448 1234 librorum
1488 1188 1757 1250 scripturas
1796 1201 1878 1249 ap-

236 1258 402 1321 posui,
444 1256 571 1320 quod
612 1264 812 1321 recepta
849 1255 997 1304 lectio
1043 1258 1231 1304 incerta
1268 1256 1519 1305 videretur
1559 1264 1608 1306 et
1643 1258 1745 1305 veri
1785 1256 1881 1304 dis-

237 1325 422 1376 similis.
499 1329 614 1375 item
654 1326 781 1375 haud
828 1341 1011 1391 paucas
1049 1326 1212 1375 addidi
1259 1328 1565 1391 suspiciones
1603 1334 1705 1375 tum
1746 1342 1881 1375 meas

237 1404 341 1446 tum
381 1397 587 1452 alienas,
639 1411 757 1458 quas
795 1397 1020 1459 recipere
1068 1412 1167 1444 non
1206 1411 1352 1445 ausus
1401 1412 1558 1446 essem
1596 1396 1672 1444 vel
1710 1396 1879 1460 proili-

237 1474 348 1530 gato
387 1481 544 1530 paene
581 1465 751 1515 labore
789 1467 1013 1530 recipere
1051 1481 1149 1514 non
1185 1468 1469 1530 potuissem.
1545 1467 1757 1529 denique
1795 1482 1880 1530 po-

237 1540 388 1586 tiores
445 1537 717 1601 scripturae
773 1538 1032 1585 varietates
1093 1538 1321 1585 annotavi
1369 1539 1471 1586 sive
1521 1552 1580 1585 ex
1627 1537 1881 1586 codicibus

238 1607 518 1670 Euripideis
558 1608 658 1655 sive
698 1622 754 1655 ex
795 1609 1092 1671 scriptorum
1131 1609 1423 1656 testimoniis
1462 1606 1645 1656 ductas,

343 1677 451 1726 Non
481 1676 625 1725 nullis
663 1678 712 1724 in
751 1677 902 1726 rebus
931 1691 1055 1739 quae
1082 1677 1140 1725 ad
1169 1678 1405 1726 orationis
1444 1677 1650 1725 formam
1690 1684 1879 1741 specta-

239 1756 350 1797 rent
385 1749 531 1796 tacite
559 1762 582 1795 a
610 1745 751 1796 libris
778 1747 996 1796 discessi.
1059 1748 1291 1795 nimirum
1312 1755 1410 1796 tam
1437 1755 1664 1796 recentes
1689 1762 1746 1796 ac
1783 1755 1880 1796 tam

237 1820 410 1866 vitiose
455 1818 625 1882 scripti
672 1825 785 1866 sunt
822 1817 1077 1881 Euripidei
1123 1817 1341 1874 codices,
1393 1824 1447 1866 ut
1483 1817 1531 1864 in
1579 1816 1882 1881 prosodiacis

241 1896 290 1937 et
328 1887 722 1951 orthographicis
761 1887 1131 1950 quaestionibus
1167 1888 1368 1936 minima
1408 1902 1577 1935 eorum
1614 1889 1676 1936 sit
1713 1895 1880 1936 aucto-

238 1960 373 2007 ritas,
449 1974 539 2022 pio
586 1964 675 2006 τοῦ
717 1953 857 2020 ’μοῦ,
904 1963 972 2023 τῷ
1015 1964 1134 2026 μῷ,
1185 1964 1245 2025 τῇ
1290 1953 1376 2023 ’μῇ
1421 1956 1632 2021 piaetuli
1679 1953 1883 2044 τούμοῦ2

238 2024 404 2096 τώμῷ,
444 2024 572 2094 τήμῇ
609 2027 880 2076 secuudum
919 2028 1074 2090 Ety.m
1114 2028 1175 2076 M.
1216 2043 1264 2092 p.
1305 2030 1423 2089 757,
1463 2029 1544 2076 23.
1607 2042 1707 2076 non
1743 2030 1797 2074 αἱ
1830 2030 1883 2075 αἱ

240 2100 325 2148 sed
362 2098 475 2147 αἰαῖ
513 2106 566 2146 ut
603 2098 872 2146 sciiberem
920 2099 1163 2162 permovit
1212 2112 1290 2145 me
1340 2097 1649 2146 Herodianus
1683 2114 1736 2146 π.
1772 2114 1881 2161 μον.

239 2166 332 2229 λέξ.
371 2185 421 2233 p.
462 2171 544 2222 27,
587 2171 668 2218 13.
745 2176 909 2217 utrum
947 2165 1133 2216 οὐκοῦν
1180 2183 1240 2216 an
1278 2165 1465 2216 οὔκουν
1502 2167 1765 2229 legendum
1803 2169 1881 2225 sit,

240 2254 337 2288 non
377 2254 403 2287 e
442 2238 693 2287 codicibus
741 2239 827 2287 sed
865 2254 956 2303 pro
996 2254 1082 2287 suo
1120 2237 1322 2287 arbitrio
1370 2237 1593 2287 homines
1631 2238 1761 2286 docti
1799 2238 1881 2286 de-

241 2316 475 2358 cernunt:
535 2309 742 2358 fortasse
789 2323 899 2357 cum
950 2307 1179 2357 Elmsleio
1229 2308 1304 2370 (in
1350 2307 1465 2356 Eur.
1515 2307 1706 2357 Heracl.
1761 2310 1878 2371 256)

242 2379 367 2443 apud
407 2380 617 2441 tragicos
654 2386 824 2443 poetas
861 2378 1043 2443 ubique
1080 2375 1172 2426 οὐκ
1207 2371 1300 2427 οὖν
1336 2377 1624 2440 legendum,
1665 2378 1882 2428 adhibita

240 2456 387 2514 prout
433 2464 556 2513 opus
603 2449 752 2497 fuerit
798 2456 880 2497 aut
924 2463 1023 2496 non
1062 2447 1272 2496 adhibita
1311 2449 1715 2511 interrogatione.
1795 2465 1880 2498 en-

242 2519 456 2568 cliticum
496 2537 593 2566 νυν
629 2520 678 2567 in
707 2519 804 2567 νῦν
840 2526 1031 2568 mutare
1057 2518 1217 2567 solent
1253 2517 1459 2567 librarii.
1508 2520 1720 2567 nominis
1756 2517 1882 2568 ἄστυ

242 2591 482 2653 genitivus
518 2587 704 2646 ἄστεως
753 2588 934 2652 ubique
971 2588 1047 2637 vel
1094 2588 1366 2638 admittitur
1404 2588 1477 2637 vel
1522 2590 1796 2654 requiritur
1830 2591 1882 2638 in

241 2659 530 2722 tragoediis:
570 2662 734 2722 itaque
760 2674 903 2722 quarn
943 2659 1150 2708 formam
1189 2658 1303 2707 libri
1339 2659 1607 2708 identidem
1644 2658 1883 2723 praebent

211 2728 415 2793 ,ἄστεος
452 2729 628 2792 sprevi.
681 2743 773 2778 nec
798 2728 999 2778 toleravi
1037 2729 1243 2778 formam
1280 2727 1487 2793 πτύχας,
1526 2744 1669 2793 quam
1707 2731 1755 2778 in
1785 2728 1880 2779 Eu·

357 2883 428 2933 96)
461 2882 764 2924 Coniecturae
795 2895 921 2923 meas
953 2882 1213 2934 significavi
1247 2885 1461 2936 apposita
1492 2882 1651 2923 littera.
1679 2883 1735 2925 N.
