2022 3126
107 916 216 965 XO.

103 1085 221 1132 AA.

99 1927 213 1977 XO.

779 96 1114 142 ΙΚΕΤΙΔΕΣ
1655 97 1757 149 379

296 241 372 301 εἰς
395 234 524 300 τοῦς
548 241 766 306 ἔχοντας
790 231 973 305 κέντρ’
1002 233 1233 306 ἀφιᾶσιν
1254 238 1412 308 κακά,

297 318 567 390 γλώσσαις
591 323 853 390 πονηρῶν
876 325 1195 389 προστατῶν
1221 322 1560 393 φηλούμενοι
1576 341 1587 352 ·

294 410 462 472 τριῶν
487 403 548 458 δὲ
571 409 783 475 μοιρῶν
805 399 838 472 ἡ
858 399 912 456 ’ν
934 405 1080 476 μέσῳ
1104 403 1260 472 σῶζει
1284 406 1485 476 πόλεις,

297 488 503 559 κόσμον
530 484 875 558 φυλάσσουσ’
904 483 1078 542 ὅντιν’
1108 483 1177 542 ἂν
1199 489 1329 562 τάξῃ
1355 491 1525 556 πόλις.
1675 505 1756 547 245

295 570 506 628 κᾶπειτ’
535 572 641 642 ε’γῶ
666 591 752 626 σοι
771 570 1049 642 σύμμαχος
1072 573 1398 645 γενήσομαι;

293 664 349 711 τί
367 656 503 728 πρὸς
527 663 750 720 πολίτας
774 653 902 720 τοῦς
925 654 1089 726 ε’μοῦς
1113 660 1290 728 λέγων
1314 660 1513 727 καλόν;

292 747 501 812 χαίρων
527 740 609 796 ἴθ’
628 760 639 770 ·
692 746 742 796 εἰ
760 738 865 810 γὰρ
890 739 962 810 μὴ
989 740 1356 811 βεβούλευσαι
1381 751 1576 815 καλῶς,

293 823 458 890 αὐτὸς
485 828 686 892 πιέζειν
710 822 812 895 τὴν
835 824 1031 896 τύχην,
1057 822 1196 895 ἡμᾶς
1223 824 1275 882 δ’
1306 830 1417 883 ε’ἆν.

287 907 557 980 ἥμαρτον·
591 913 651 965 ἐν
674 911 846 964 νέοισι
872 906 921 963 δ’
955 907 1273 979 ἀνθρώπων
1296 912 1421 968 τόδε
1673 927 1756 969 250

292 1000 469 1049 ἔνεστι
485 1012 496 1022 ·
523 993 858 1064 συγγνώμην
882 994 942 1048 δὲ
964 992 1095 1067 τῷδ’
1125 1001 1268 1065 ἔχειν
1291 996 1485 1068 χρεῶν.

295 1076 450 1133 οὗτοι
475 1077 739 1148 δικαστήν
762 1075 814 1132 σ’
847 1077 1071 1149 εἱλόμην
1097 1081 1244 1150 ἐμῶν
1268 1086 1456 1136 κακῶν

293 1160 418 1217 οὐδ’
451 1171 503 1217 εἴ
522 1187 574 1218 τι
597 1162 801 1233 πράξας
824 1161 896 1232 μὴ
923 1168 1101 1227 καλῶς
1127 1161 1467 1236 εὑρίσκομαι,

292 1247 506 1302 τούτων
536 1245 808 1317 κολαστὴν
835 1244 1226 1320 κάπιτιμητήν,
1253 1247 1404 1319 ἄναξ,
1672 1264 1755 1306 255

289 1329 409 1385 ἀλλ’
441 1328 512 1396 ῶς
537 1329 789 1402 ὀναίμην.
855 1336 906 1386 εἰ
926 1332 987 1386 δε
1013 1331 1085 1403 μὴ
1110 1333 1301 1404 βούλει
1325 1334 1472 1403 τάδε,

289 1418 538 1486 στέργειν
562 1414 772 1486 ἀνάγκη
799 1429 938 1471 τοῖσι
963 1429 1104 1481 σοῖς·
1131 1424 1189 1472 τί
1206 1441 1310 1489 γαρ
1335 1418 1527 1483 πάθεος

289 1498 408 1554 ἀλλ’
440 1502 481 1554 ῶ
506 1506 749 1572 γεραιαί,
777 1507 1012 1570 στείχετε
1035 1501 1283 1572 γλαυκὴν
1305 1502 1474 1574 χλόην

288 1582 460 1640 αὐτοῦ
485 1591 741 1640 λιποῦσαι
768 1583 1050 1655 φυλλάδος
1073 1594 1401 1658 καταστεφῆ,

287 1668 457 1733 θεούς
481 1691 538 1724 τε
562 1692 654 1724 και
681 1675 786 1740 γῆν
812 1670 912 1740 τήν
936 1693 993 1725 τε
1016 1672 1312 1742 πυρφόρον
1336 1670 1479 1727 θεαν
1671 1686 1754 1729 260

285 1753 552 1824 Δήμητρα
578 1756 811 1824 θέμεναι
835 1752 1069 1826 μάρτυρ’
1096 1753 1257 1825 ἡλίου
1281 1779 1338 1812 τε
1363 1763 1497 1828 φῶς,

291 1836 362 1902 ῶς
385 1835 604 1892 οὐδὲν
576 1852 707 1909 ημῖν
730 1835 971 1909 ἤρκεσαν
995 1841 1139 1894 λιταὶ
1161 1847 1330 1896 θεῶν.

286 1928 1538 1962 ************

285 2011 1540 2051 ************

291 2088 350 2156 ὃς
373 2094 623 2156 Πέλοπος
646 2085 716 2162 ἦν
740 2105 894 2162 παῖς,
918 2099 1197 2158 Πελοπίας
1223 2099 1255 2149 δ
1261 2093 1274 2112 ’
1302 2092 1455 2165 ἡμεῖς
1484 2093 1686 2165 χθονὸς

284 2173 487 2231 ταύτὸν
509 2182 762 2250 πατρῷον
787 2173 919 2247 αἷμα
942 2179 1030 2233 σοὶ
1052 2179 1377 2250 κεκτήμεθα.

286 2267 343 2315 τί
362 2264 523 2333 δρᾷς;
549 2261 854 2331 προδώσεις
875 2268 1046 2318 ταῦτα
1068 2261 1359 2334 κάκβαλεῖς
1380 2262 1584 2334 χθονὸς
1669 2277 1750 2321 265

285 2349 459 2415 γραῦς
483 2341 550 2399 οῦ
581 2344 850 2415 τυχούσας
875 2343 1043 2402 οῦδὲν
1069 2341 1149 2402 ῶν
1174 2345 1341 2412 αὐτὰς
1366 2351 1559 2420 ἐχρῆν;

286 2429 358 2500 μὴ
386 2426 506 2499 δῆτ’
525 2447 535 2458 ·
567 2435 674 2499 ἔχει
699 2428 803 2500 γὰρ
831 2430 1158 2502 καταφυγὴν
1180 2431 1292 2504 θὴρ
1318 2432 1418 2503 μὲν
1442 2433 1664 2504 πέτραν,

287 2518 485 2577 δοῦλος
509 2514 570 2569 δὲ
593 2513 816 2585 βωμοὺς
838 2522 1018 2586 θεῶν,
1045 2516 1200 2581 πόλις
1223 2517 1285 2572 δὲ
1314 2514 1450 2587 πρὸς
1474 2516 1635 2572 πόλιν

288 2600 478 2668 ἔπτηξε
500 2607 858 2670 χειμασθεῖσα
874 2617 884 2627 ·
912 2606 1023 2655 τῶν
1045 2599 1149 2670 γὰρ
1176 2604 1236 2657 ἐν
1260 2608 1477 2673 βροτοῖς

285 2679 388 2737 οὐκ
413 2688 560 2738 ἔστιν
584 2682 750 2739 οὐδὲν
776 2682 868 2738 διὰ
891 2686 1080 2748 τέλους
1105 2682 1492 2757 εὐδαιμονοῦν.
1665 2699 1747 2743 270

283 2867 389 2914 ἀλλ’
421 2869 483 2922 ῶς
514 2870 675 2927 ἰατρὸν
703 2871 863 2925 τῶνδ’,
896 2868 1040 2930 ἅναξ,
1069 2871 1323 2933 ἀφίγμεθα.
1662 2881 1744 2923 252
