2022 3126
232 85 330 136 458

847 83 1274 131 ΙΠΠΟΛΥΤΟΣ

419 225 555 282 κατὰ
581 222 633 280 δ’
663 225 969 294 ἐγκέφαλον
993 229 1143 298 πηδᾷ
1167 223 1456 296 σφάκελος.

421 313 570 381 σχές,
597 306 893 379 ἆπειρηκὸς
919 306 1056 379 σῶμ’
1087 305 1407 364 ἀναπαύσω.

426 399 471 463 [ἒ
499 399 569 463 5⁶]

424 473 468 534 ὦ
492 475 733 549 στυγνὸν
757 474 914 548 ὄχημ’
944 481 1192 548 ἵππειον,
1219 479 1348 548 ἐμῆς-

422 564 670 636 βόσκημα
693 562 868 632 χερός,
1410 617 1413 619 ,

426 649 517 704 διά
541 645 598 718 μ’
631 653 925 717 ἔφθειρας,
951 645 1088 701 κατὰ
1114 643 1166 702 δ’
1198 652 1458 711 ἔκτεινας.

426 739 536 806 φεῦ
563 737 700 803 φεῦ*
727 730 863 802 πρὸς
887 737 1068 802 θεῶν,
1100 727 1362 802 ἀτρέμας,
1392 734 1586 802 δμῶες,

422 816 583 889 χροὸς
608 815 883 880 ἑλκώδους
908 813 1150 871 ἅπτεσθε
1173 829 1374 887 χεροῖν.

422 909 502 967 τίς
526 904 825 972 ἐφέστηκεν
851 898 1001 966 δεξιὰ
1026 907 1312 971 πλευροϊς;

425 985 717 1057 πρόσφορά
745 982 802 1055 μ’
832 993 1039 1056 αἴρετε,
1067 985 1305 1040 σύντονα
1330 982 1381 1040 δ’
1414 987 1597 1040 ἕλκετε

424 1070 521 1127 τὸν
545 1074 918 1140 κακοδαίμονα
943 1070 1036 1124 καὶ
1060 1069 1366 1141 κατάρατον

425 1152 628 1226 πατρὸς
653 1151 997 1224 ἆμπλακιάις.
1055 1159 1164 1208 Ζεῦ
1190 1160 1299 1208 Ζεῦ
1316 1197 1330 1224 ‚
1358 1150 1480 1209 τάδ’
1513 1150 1672 1228 ὁρᾷςς

427 1237 515 1295 ὅδ’
546 1237 574 1294 ὁ
599 1236 797 1309 σεμνὸς
825 1236 930 1308 ἐγώ
957 1239 1048 1293 καὶ
1072 1240 1409 1309 θεοσέπτωρ,

426 1321 513 1380 ὅδ’
542 1321 569 1379 ὁ
595 1322 933 1395 σωφροσύνῃ
957 1322 1163 1387 πάντας
1187 1319 1481 1394 ὑπερσχὼν

428 1415 714 1479 προῦπτον
738 1404 996 1479 ἐςἍιδην
1021 1413 1213 1478 στείχω
1239 1406 1376 1463 κατὰ
1400 1412 1515 1482 γῆς,

427 1491 619 1557 ὀλέσας
646 1498 860 1563 βίοτον’
887 1492 1132 1563 μόχθους
1156 1489 1208 1548 δ’
1237 1489 1413 1558 ἄλλως

427 1585 520 1649 τῆς
552 1575 807 1648 εὐσεβίας

432 1669 508 1728 εἰς
534 1660 871 1735 ἀνθρώπους
895 1662 1153 1733 ἐπόνησα.

428 1753 546 1805 αἰαῖ
566 1752 682 1803 αἰαῖ
696 1765 706 1775 ·

427 1833 521 1888 καὶ
544 1838 654 1887 νῦν
678 1828 855 1887 ὀδύνα
879 1828 936 1902 μ’
969 1829 1149 1888 ὀδύνα
1175 1837 1372 1903 βαίνει.

428 1918 629 1988 με’θετέ
650 1939 716 1988 με
739 1917 971 1972 τάλανα·

431 2007 529 2056 καί
548 2024 639 2072 μοι
665 2001 910 2066 Θάνατος
931 1999 1116 2056 Παιὰν
1141 2006 1313 2056 ἔλθοι.

427 2085 848 2157 προσαπόλλυτέ
867 2082 924 2156 μ’
953 2083 1149 2140 ὄλλυτε
1173 2083 1269 2139 τὸν
1294 2082 1619 2154 δυσδαίμον’
1639 2101 1650 2115 ·

426 2181 453 2209 *
501 2168 812 2241 ἀμφιτόμου
838 2169 1033 2240 λόγχας
1059 2175 1253 2241 ἔραμαι

431 2259 798 2325 διαμοιρᾶσαι,

429 2340 521 2394 διά
546 2337 592 2394 τ’
625 2337 855 2395 εύνᾶσαι
880 2338 977 2395 τὸν
1002 2338 1135 2410 ἐμὸν
1158 2344 1362 2410 βίοτον,

432 2416 476 2478 ὦ
500 2424 703 2494 πατρὸς
729 2427 862 2495 ἐμοῦ
888 2423 1156 2488 δύστανος
1185 2421 1309 2495 ἀρά,

429 2509 740 2580 μιαιφόνων
764 2531 822 2563 τε
846 2508 1156 2580 συγγόνων,

431 2599 682 2649 παλαιῶν
706 2593 1169 2664 προγεννητόρων

432 2680 722 2749 ἐξορίζεται
746 2676 920 2733 κακὸν
944 2674 1076 2733 οὐδὲ
1100 2678 1301 2748 μέλλει,

433 2765 593 2832 ἔμολέ
612 2759 660 2817 τ’
689 2759 775 2818 ἐπ’
805 2762 896 2833 ἐμὲ

434 2852 488 2902 τί
507 2867 636 2902 ποτε
661 2845 762 2902 τὸν
780 2844 949 2902 οὐδὲν
975 2843 1090 2902 ὅντ’
1121 2848 1367 2902 ἐπαίτιον
1391 2865 1606 2906 κακων;

1781 490 1890 534 1355

1784 913 1893 956 1360

1786 1334 1893 1378 1365

1786 1756 1896 1801 1370

1789 2180 1897 2225 1375

1788 2602 1899 2646 1380
