2022 3126
543 83 880 130 ΗΡΛΚΔΗΣ
909 87 1412 138 ΜΑΙΝΟΜΕΝΟΣ
1713 93 1817 146 333

362 221 575 319 πάθητε
596 224 785 292 μηδέν.
811 228 924 322 τῆς,
928 228 961 278 δ
968 221 981 241 ’
1009 227 1137 296 ἐμῆς
1152 269 1165 296 ,
1186 224 1554 302 Ἀμφιτρύων,

362 305 579 376 γνώμης
605 303 873 376 α’κουσον,
901 303 971 377 ἤν
996 315 1053 363 τί
1071 327 1158 364 σοι
1184 315 1328 367 δοκῶ
1357 315 1552 385 λέγειν.

361 387 463 458 ἐγὼ
490 395 634 459 φιλῶ
658 390 760 459 μὲν
783 392 971 445 τέκνα·
1011 399 1126 457 πῶς
1145 394 1249 464 γὰρ
1276 394 1342 451 οὐ
1367 405 1511 468 φιλῶ
1734 415 1817 460 280

359 469 606 543 ἅτικτον,
635 470 948 545 ἁμόχθησα;
972 479 1065 531 καὶ
1088 476 1146 532 τὸ
1172 489 1473 538 κατθανεῖν

357 556 544 612 δεινὸν
569 564 795 628 νομίζω·
834 565 910 633 τῷ
937 557 991 615 δ’
1019 559 1298 638 ἀναγκαίῳ
1322 566 1506 641 τρόπω

358 636 416 704 ὂς
440 638 759 712 ἀντιτείνει,
786 643 979 699 σκαιὸν
1003 642 1242 717 ἡγοῦμαι
1267 652 1487 720 βροτόν.

353 721 490 795 ἡμᾶς
517 723 569 780 δ’
598 725 785 798 ἐπειδὴ
811 732 900 783 δεῖ
918 738 1118 785 θανεῖν
1132 733 1440 803 ,θνήσκειν
1459 735 1637 807 χρεων

354 808 427 879 μὴ
454 811 589 881 πυρὶ
614 814 1081 883 καταξανθέντας,
1108 817 1390 887 ἐχθροῖσιν
1413 822 1590 890 γέλων
1729 835 1812 879 2δὸ

350 893 628 964 διδόντας,
657 892 819 966 οὑμοὶ
848 903 944 952 τοῦ
967 906 1168 954 θανεῖν
1189 907 1372 970 μεῖζον
1397 904 1579 961 κακόν.

351 973 648 1048 ὀφείλομεν
670 978 775 1051 γὰρ
801 979 976 1035 πολλὰ
1001 983 1249 1053 δώμασιν
1274 987 1428 1041 καλά.

347 1061 408 1116 σὲ
430 1061 531 1131 μὲν
554 1061 776 1133 δόκησις
802 1070 998 1136 ἔλαβεν
1024 1065 1252 1139 εὐκλεὴς
1276 1072 1464 1141 δορός,

348 1142 476 1200 ὥστ’
506 1144 608 1201 οὐκ
636 1144 867 1203 ἀνεκτὸν
892 1155 1098 1216 δειλίας
1126 1160 1326 1209 θανεῖν
1355 1153 1405 1210 σ’
1434 1153 1567 1211 ὕπο·

346 1226 514 1300 οὑμὸς
537 1228 590 1285 δ’
621 1229 1000 1305 ἀμαρτύρητος
1027 1233 1255 1308 εὐκλεὴς
1281 1239 1453 1309 πόσις,
1724 1256 1808 1300 290

350 1311 423 1378 ὡς
445 1314 646 1371 τούσδε
669 1322 867 1382 παῖδας
893 1316 996 1373 οὐκ
1020 1316 1089 1374 ἂν
1119 1323 1354 1377 ἐκσῶσαι
1377 1327 1533 1380 θέλοι

344 1399 511 1464 δόξαν
533 1399 709 1470 κακὴν
732 1402 1001 1473 λαβόντας
1017 1423 1027 1431 ·
1056 1408 1111 1458 οί
1131 1404 1234 1477 γὰρ
1262 1405 1504 1478 εὐγενεῖς

342 1483 612 1553 κάμνουσι
635 1498 746 1550 τοῖς
769 1491 1036 1559 αἰσχροῖσι
1060 1495 1170 1544 τῶν
1194 1493 1402 1547 τέκνων
1425 1490 1584 1567 ὕπερ,

341 1571 465 1637 ἐμοί
482 1590 539 1623 τε
561 1567 756 1640 μίμημ’
785 1568 987 1642 ἀνδρὸς
1012 1570 1115 1627 οὐκ
1141 1571 1439 1631 ἀπωστέον.

340 1653 535 1718 σκέψαι
561 1654 621 1708 δὲ
645 1653 744 1724 τὴν
768 1653 871 1725 σὴν
896 1654 1095 1726 ἐλπίδ’,
1122 1650 1157 1730 ᾗ
1177 1666 1469 1731 λογίζομαι.
1721 1679 1802 1722 295

342 1733 490 1805 ἥξειν
515 1744 749 1808 νομίζεις
773 1745 941 1795 παῖδα
965 1740 1065 1795 σὸν
1089 1749 1246 1811 γαίας
1269 1742 1377 1800 ὕπο
1393 1765 1403 1774 ·

338 1822 430 1874 καὶ
452 1826 534 1885 τίς
555 1823 850 1879 θανόντων
873 1817 1049 1895 ἦλθεν
1073 1829 1124 1892 ἐξ
1148 1824 1340 1884 ρἉιδου
1363 1830 1556 1898 πάλιν;

340 1902 460 1959 ἀλλ’
491 1928 563 1970 ως
585 1906 798 1976 λόγοισι
822 1909 983 1964 τόνδε
1007 1912 1437 1984 μαλθάξαιμεν’
1405 1938 1501 1970 αν·
1489 1959 1502 1981 ,

336 1985 554 2058 ἥκιστα·
599 1991 832 2063 φεύγειν
857 1993 1050 2049 σκαιὸν
1075 1993 1225 2067 ἄνδρ’
1253 1997 1458 2070 ἐχθρὸν
1480 2002 1674 2075 χρεών,

336 2086 556 2143 σοφοῖσι
582 2073 634 2129 δ’
665 2084 836 2132 εἴκειν
860 2079 953 2133 καὶ
979 2083 1376 2151 τεθραμμένοις
1399 2091 1607 2151 καλως
1714 2101 1799 2145 300

348 2159 485 2229 ῥᾷον
507 2182 612 2230 γαρ
638 2166 828 2226 αἰδοῦς
851 2159 1152 2234 ὑποβαλων
1176 2164 1296 2236 φίλ’
1324 2163 1393 2222 ἂν
1418 2168 1616 2239 τύχοις.

338 2237 438 2311 ἤδη
466 2240 518 2296 δ’
548 2246 751 2314 ἐσῆλθέ
773 2242 820 2316 μ’
850 2253 901 2301 εἰ
921 2256 1399 2321 παραιτησαίμεθα

337 2325 516 2395 φυγὰς
543 2330 753 2383 τέκνων
780 2328 977 2386 τῶνδ’·
1006 2330 1143 2387 ἀλλὰ
1166 2337 1258 2389 καὶ
1280 2333 1399 2389 τόδ’
1431 2334 1645 2408 αθλιον,

332 2416 494 2465 πενία
520 2411 627 2466 σὺν
651 2419 842 2487 οἰκτρᾷ
864 2423 1185 2487 περιβαλεῖν
1207 2425 1508 2490 σωτηρίαν·

333 2491 405 2558 ὦς
430 2493 496 2549 τὰ
519 2498 691 2561 ξένων
716 2499 982 2569 πρόσωπα
1007 2502 1313 2573 φεύγουσιν
1338 2509 1518 2604 φίλοις
1708 2520 1792 2564 305

334 2600 396 2633 εν
415 2571 560 2651 ἦμαρ
584 2578 692 2651 ἡδὺ
717 2581 902 2654 βλέμμ’
931 2590 1075 2655 ε’χειν
1101 2590 1271 2656 φασὶν
1295 2587 1481 2658 μόνον.

330 2661 500 2732 τόλμα
523 2663 652 2734 μεθ’
684 2663 839 2736 ἡμῶν
861 2669 1136 2740 θάνατον,
1163 2668 1221 2736 ὃς
1243 2673 1395 2776 μένει
1420 2671 1473 2728 σ’
1506 2671 1664 2744 ὅμως.

330 2748 746 2845 προκαλούμεθ’
775 2749 1089 2823 εὐγένειαν,
1121 2777 1162 2809 ω
1189 2758 1369 2827 γέρον,
1396 2759 1591 2814 σέθεν·

331 2828 424 2896 τὰς
446 2855 557 2887 των
579 2840 732 2889 θεῶν
755 2834 860 2907 γὰρ
886 2855 1032 2902 οστις
1057 2841 1349 2910 εκμοχθεῖν
1371 2842 1534 2912 τύχας
