2022 3126
211 77 311 130 176

927 80 1175 127 ΕΚΑΒΗ

404 225 496 289 ἵζω
528 220 590 276 δὲ
612 226 805 291 κλίνης
830 223 889 276 ἐν
913 223 1061 295 μέσῳ
1086 221 1304 293 κάμψας
1328 223 1494 294 γόνυ·
1772 241 1882 283 1150

403 306 601 362 πολλαὶ
625 305 687 360 δὲ
710 303 891 377 χειρὸς
914 311 976 362 αἳ
1003 306 1103 377 μὲν
1128 309 1180 374 ἐξ
1206 303 1512 379 ἀριστερᾶς,

401 396 467 447 αἳ
490 395 522 447 δ
532 387 544 408 ’
575 395 771 461 ἔνθεν,
800 387 871 456 ὠς
896 389 964 462 δὴ
991 390 1139 463 παρὰ
1163 398 1336 468 φίλω,
1371 392 1578 464 Τρώων
1603 391 1762 465 κόραι

399 476 620 531 θάκουν
638 481 861 546 ἔχουσαι
919 473 1134 547 κερκίδ’
1162 475 1409 549 Ἠδωνῆς
1431 476 1591 550 χερὸς

398 558 576 634 ᾔνουν
590 558 643 617 θ’
658 558 932 632 ὑπἀὐγάς
955 562 1155 618 τούσδε
1179 564 1514 619 λεύσσουσαι
1539 564 1804 629 πέπλους·

400 644 561 702 ἄλλαι
586 645 648 702 δὲ
671 647 888 718 κάμακα
914 653 1165 719 Θρῃκίαν
1189 648 1471 720 θεώμεναι
1772 665 1879 705 1155

399 732 615 803 γυμνόν
637 729 695 803 μ’
726 738 938 804 ἔθηκαν
963 733 1235 804 διπτύχου
1263 740 1634 805 στολίσματος.

400 814 524 873 ὅσαι
550 817 611 874 δὲ
636 817 863 883 τοκάδες
886 810 1028 890 ἦσαν
1044 861 1057 888 ,
1085 820 1529 921 ἐκπαγλούμεναι

399 901 547 958 τέκν’
578 907 637 959 ε’ν
661 916 848 975 χεροῖν
874 910 1141 974 ἔπαλλον,
1170 901 1241 971 ὡς
1271 905 1459 977 πρόσω
1484 902 1689 976 πατρὸς

399 989 678 1059 γένοιντο,
707 993 989 1060 διαδοχαῖς
1017 987 1349 1061 άμείβουσαι
1373 1003 1576 1063 χεροῖν.

399 1072 523 1146 κᾷτ’
550 1078 610 1130 ἐκ
633 1080 893 1146 γαληνῶν
919 1109 981 1115 -
1009 1081 1124 1140 πῶς
1149 1080 1358 1144 δοκεῖς;
1383 1109 1453 1114 —-
1477 1075 1883 1148 προσφθεγμά-

965 1183 1076 1216 των
1774 1173 1883 1217 1160

401 1241 579 1310 εὕθύς
602 1251 875 1317 λαβοῦσαι
899 1243 1142 1316 φάσγαν’
1172 1249 1231 1302 ἐκ
1255 1249 1482 1302 πέπλων
1507 1246 1687 1302 ποθὲν

399 1335 658 1386 κεντοῦσι
682 1334 909 1400 παῖδας,
939 1338 1001 1388 αἳ
1022 1331 1083 1386 δὲ
1107 1338 1386 1403 πολεμίων
1412 1337 1576 1403 δίκην

400 1415 818 1486 ξυναρπάσασαι
842 1413 937 1480 τὰς
961 1414 1091 1487 ἐμὰς
1118 1416 1264 1488 εἶχον
1288 1419 1449 1489 χέρας

398 1502 492 1557 καὶ
516 1506 693 1556 κῶλα·
729 1502 885 1557 παισὶ
910 1506 941 1556 δ
950 1498 961 1518 ²
991 1499 1219 1575 ἀρκέσαι
1246 1503 1460 1576 χρῄζων
1486 1504 1650 1574 ἐμοῖς,

401 1593 451 1643 εἰ
472 1585 573 1658 μὲν
598 1585 896 1658 πρόσωπον
921 1590 1267 1660 ἐξανισταίην
1293 1589 1442 1660 ἐμόν,
1776 1599 1881 1644 1165

397 1672 569 1744 κόμης
592 1685 874 1743 κατεῖχον,
904 1678 955 1728 εί
978 1674 1038 1728 δὲ
1063 1680 1283 1745 κινοίην
1307 1676 1485 1747 χέρας,

400 1757 606 1828 πλήθει
633 1764 922 1829 γυναικῶν
949 1755 1120 1815 οὐδὲν
1141 1756 1318 1830 ἤνυον
1345 1760 1525 1824 τάλας.

399 1841 460 1898 τὸ
487 1849 744 1898 λοίσθιον
770 1845 857 1913 δέ,
889 1849 1040 1915 πῆμα
1064 1845 1306 1916 πήματος
1331 1847 1517 1915 πλέον,

400 1928 782 2000 ἐξειργάσαντο
807 1926 948 1984 δείν’
969 1948 978 1957 ·
1018 1932 1164 2000 ἐμῶν
1189 1929 1293 2001 γὰρ
1320 1927 1597 2001 ὀμμάτων,

399 2013 614 2084 πόρπας
638 2019 910 2084 λαβοῦσαι
926 2058 940 2085 ,
966 2012 1060 2079 τὰς
1084 2015 1469 2087 ταλαιπώρους
1494 2013 1661 2085 κόρας
1774 2028 1885 2074 1170

401 2103 695 2154 κεντοῦσιν
723 2099 1114 2170 αἱμάσσουσιν·
1146 2097 1245 2155 εἶτ’
1275 2097 1380 2155 ἄνα
1405 2102 1598 2172 στέγας

398 2184 646 2255 φυγάδες
671 2189 904 2255 ἔβησαν·
931 2188 989 2241 ἐκ
1015 2184 1076 2239 δε
1101 2185 1349 2285 πηδήσας
1375 2184 1481 2257 ε’γω

398 2268 512 2340 θὴρ
541 2292 614 2334 ως
638 2268 823 2325 διώκω
847 2293 942 2335 τας
966 2271 1297 2342 μιαιφόνους
1321 2271 1513 2342 κύνας,

397 2351 597 2410 ἅπαντ
627 2357 875 2456 ἐρευνων
899 2369 1084 2427 τοῖχον
1110 2379 1182 2421 ως
1205 2359 1529 2428 κυνηγέτης,

400 2440 621 2511 βάλλων
646 2437 918 2511 ἀράσσων.
943 2440 1129 2497 τοιάδε
1151 2441 1417 2500 σπεύδων
1438 2442 1602 2513 χάριν
1772 2454 1879 2499 1175

402 2526 659 2580 πέπονθα
683 2523 784 2596 τὴν
807 2524 914 2597 σὴν
940 2526 1205 2597 πολέμιόν
1230 2549 1289 2583 τε
1309 2525 1410 2583 σὸν
1436 2531 1676 2600 κτανών,

395 2606 755 2682 Ἀγάμεμνον.
783 2607 855 2676 ὡς
880 2611 942 2667 δὲ
969 2610 1043 2683 μὴ
1068 2607 1317 2684 μακροὺς
1336 2618 1503 2668 τείνω
1527 2612 1743 2684 λόγους,

401 2703 455 2751 εἴ
474 2719 554 2761 τις
578 2708 846 2766 γυναῖκας
868 2719 980 2752 των
1004 2699 1137 2769 πρὶν
1163 2706 1384 2770 εἴρηκεν
1408 2703 1591 2762 κακῶς

401 2777 435 2852 ἢ
459 2785 568 2836 νῦν
592 2781 772 2852 λέγων
794 2788 943 2840 ἔστιν
963 2805 1044 2848 τις
1071 2778 1106 2854 ἢ
1130 2785 1317 2854 μέλλει
1340 2784 1541 2856 λέγειν,

400 2861 615 2923 ἅπαντα
638 2872 811 2922 ταῦτα
836 2884 1125 2938 συντεμων
1150 2891 1257 2939 εγω
1282 2869 1504 2939 φράσω·
1774 2880 1881 2926 1180
