2022 3126
833 106 1077 151 EAENH
1673 100 1772 151 189

308 251 415 318 γῆν
437 246 603 317 τήνδε
631 250 805 316 φεῦγε
830 249 963 313 πρίν
988 260 1049 297 σε
1074 248 1241 298 παῖδα
1265 244 1535 313 Πρωτέως

311 335 480 399 ἰδεῖν,
509 327 568 394 ὃς
594 326 748 401 ἄρχει
771 332 936 398 τῆσδε
961 332 1084 397 γῆς·
1142 324 1333 381 ἄπεστι
1357 326 1418 380 δὲ

312 416 477 470 κυσὶν
501 411 784 476 πεποιθώς
807 415 867 466 ἐν
893 423 1088 482 φοναῖς
1111 410 1476 483 θηροκτόνοις
1491 428 1501 437 ·

313 507 509 558 κτείνει
562 497 666 567 γὰρ
686 496 896 566 Ἕλλην’
929 493 1096 550 ὅντιν’
1133 491 1201 548 ἂν
1229 497 1369 566 λάβῃ
1398 498 1580 559 ξένον·
1695 510 1774 550 155

315 579 446 637 ὅτου
471 578 522 637 6'
551 584 729 650 ἕκατι,
755 580 891 651 μήτε
914 578 984 634 σὺ
1010 578 1152 648 ζήτει
1177 587 1382 648 μαθεῖν

311 663 419 737 ἐγώ
442 688 501 720 τε
525 671 687 736 σιγῶ·
724 671 782 719 τί
779 663 902 764 γὰρ
932 660 1000 718 ἂν
1025 660 1300 733 ὠφελοῖμί
1319 680 1406 718 σε·
1395 706 1408 729 ,

126 759 284 806 ΤΕΤ.
310 755 491 816 καλῶς
514 752 697 815 ἔλεξας
715 792 729 819 ,
756 750 797 803 ὦ
823 748 1014 819 γύναι·
1062 748 1188 801 θεοὶ
1215 749 1279 801 δέ
1301 764 1388 802 σοι

311 838 530 889 ἐσθλῶν
555 830 784 904 ἀμοιβὰς
809 830 1296 902 αντιὸωρησαίατο.

303 916 490 991 Ἑλένῃ
517 916 567 972 δ’
599 916 792 989 ὅμοιον
814 913 944 987 σῶμ’
974 913 1154 986 ἕχουσ’
1184 913 1251 970 οὐ
1275 913 1368 980 τὰς
1393 918 1597 988 φρένας
1695 928 1776 969 160

312 1010 450 1074 ἔχεις
477 999 694 1073 ὁμοίας,
721 999 860 1056 ἀλλὰ
886 1000 1192 1071 διαφόρους
1216 1000 1375 1055 πολύ.

308 1093 490 1151 κακῶς
515 1084 568 1142 6'
597 1084 777 1143 όλοιτο
803 1082 931 1157 μηδ’
962 1081 1037 1140 ἐπ’
1065 1082 1303 1157 Εὐρώτα
1329 1084 1456 1156 ῥοὰς

313 1178 496 1227 ἔλθοι
530 1170 600 1228 σὺ
625 1168 680 1226 6'
711 1179 823 1242 εἴης
850 1167 1082 1240 εὐτυχὴς
1107 1167 1198 1224 ἀεί
1206 1168 1429 1240 ,γύναι.

127 1264 232 1312 ΕΛ.
310 1280 351 1311 ω
378 1256 634 1327 μεγάλων
657 1252 834 1327 ἀχέων
857 1256 1307 1326 καταβαλλομένα
1330 1256 1502 1325 μέγαν
1528 1252 1692 1321 οἶτον,

313 1354 475 1396 ποῖον
504 1338 791 1412 ἁμιλλαθῶ
819 1340 982 1410 γόον·
969 1382 983 1406 ,
1009 1335 1044 1409 ἢ
1061 1344 1185 1393 τίνα
1199 1345 1413 1409 μοῦσαν
1432 1340 1667 1406 ἐπέλθω,
1699 1349 1779 1391 165

313 1425 585 1497 δάκρυσιν
607 1422 643 1496 ἢ
666 1425 899 1496 θρήνοις
922 1419 957 1495 ἢ
982 1425 1280 1490 πένθεσιν;
1306 1425 1333 1478 ἒ
1357 1429 1397 1478 ἔ.

312 1509 648 1581 πτεροφόροι
675 1509 942 1578 νεάνιδες,
1579 1523 1692 1573 στρ.

316 1595 591 1665 παρθένοι
614 1591 838 1658 Χθονὸς
860 1592 1022 1665 κόραι

312 1684 608 1749 Σειρῆνες,
637 1675 738 1734 εἴθ’
770 1681 918 1749 ἐμοῖς
948 1676 1098 1748 γόοις

316 1761 524 1835 μόλοιτ’
554 1769 775 1834 ἔχουσαι
799 1761 898 1817 τὸν
923 1767 1108 1832 Λίβυν
1700 1770 1781 1814 170

313 1847 492 1903 λωτὸν
515 1843 550 1918 ἢ
574 1847 869 1920 σύριγγας·
901 1852 1147 1916 αἴλινον,
1172 1857 1360 1909 κακοῖς

313 1945 425 1996 τοῖς
453 1935 629 2003 ἐμοῖσι
652 1931 860 2002 σύνοχα
886 1930 1118 2003 δάκρυα,

314 2016 517 2072 πάθεσι
546 2016 757 2086 πάθεα,
790 2018 977 2088 μέλεσι
1002 2017 1194 2086 μέλεα·

317 2102 548 2173 μουσεῖα
570 2124 627 2156 τε
649 2098 970 2174 θρηνήμασι
993 2097 1214 2174 ξυνῳδὰ

317 2187 548 2257 πέμψειε
572 2188 939 2258 Φερσέφασσα
1702 2194 1780 2237 175

318 2270 525 2373 [φόνια]
553 2271 749 2342 φόνια,
775 2276 996 2371 χάριτας
1023 2274 1088 2324 ἲν
1118 2270 1208 2324 ἐπὶ
1232 2269 1469 2340 δακρυσι

316 2351 438 2427 παρ’
464 2357 664 2427 ἐμέθεν
689 2352 799 2410 ὑπὸ
827 2357 1078 2426 μέλαθρα
1102 2353 1267 2425 νύχια
1289 2359 1523 2418 παιᾶνας

318 2441 547 2495 νέκυσιν
570 2437 852 2511 ὀλομένοις
875 2439 1032 2511 λάβῃ.

135 2531 243 2579 ΧΟ.
320 2524 641 2589 κυανοειδὲς
666 2521 797 2596 ἄμφ’
824 2521 980 2595 ὕδωρ
1580 2517 1697 2575 ἀντ,

322 2613 516 2678 ἔτυχον
539 2609 694 2664 ἕλικά
718 2606 757 2664 τ’
786 2606 891 2664 ἀνὰ
913 2607 1083 2679 χλόαν
1705 2615 1784 2658 180

320 2698 575 2763 φοίνικας
600 2691 761 2749 ἁλίου
784 2694 1025 2756 πέπλους

322 2774 581 2848 αὐγαῖσιν
606 2781 667 2833 ἐν
687 2790 805 2843 ταῖς
827 2777 1084 2849 χρυσέαις

655 2875 737 2918 167
754 2897 815 2903 -
830 2873 912 2917 178
926 2895 994 2915 z
1008 2873 1088 2916 179
1105 2893 1165 2900 ·—
1183 2873 1266 2916 190
