2022 3126
310 114 410 162 260

316 432 429 481 XO.

313 1367 418 1415 ΟΡ.

306 2132 419 2180 ΠΡ.

314 2727 420 2774 ΟΡ.

310 2811 420 2860 ΠΡ.

282 2922 285 2924 -
313 2895 419 2944 ΟΡ.

964 114 1293 160 ΗΛΕΚΤΡΑ

501 256 744 311 πέποιθα
769 250 852 310 δ’·
880 249 917 326 ἦ
938 252 1040 327 χρὴ
1065 252 1267 326 μηκέθ’
1295 252 1597 327 ἡγεῖσθαι
1579 256 1767 328 θεούς,

503 346 554 396 εί
575 335 756 395 τᾶδικ’
784 344 934 395 ἔσται
957 345 1051 425 τῇς
1078 344 1235 411 δίκης
1258 337 1550 413 ὑπέρτερα.

501 430 691 496 ἔμολες
716 429 933 495 ἔμολες,
964 448 1005 479 ω
1030 424 1251 497 χρόνιος
1275 423 1469 497 ἁμέρα,

501 512 852 580 κατέλαμψας
867 553 881 580 ,
908 514 970 564 εδ
975 512 1166 576 ειξας
1140 516 1360 582 εμφανῆ

500 594 659 650 πόλει
682 593 927 667 πυρσόν,
957 591 1015 658 ὃς
1039 601 1247 668 παλαιᾷ
1272 600 1427 668 φυγᾷ

501 684 749 751 πατρίων
790 681 896 735 ἀπὸ
931 680 1200 750 δωμάτων
1225 677 1390 745 τάλας

502 761 749 820 ἀλαίνων
775 770 888 835 ἔβα.
917 765 977 820 σε
999 763 1134 830 θεὸς
1158 757 1230 820 αὖ
1257 763 1391 829 θεὸς

501 847 770 922 ἁμετέραν
793 873 874 914 τις
899 847 1019 920 ἄγει

502 941 682 991 νίκαν.
712 927 757 990 ὦ
782 941 936 1006 φίλα,

501 1017 663 1091 ἄνεχε
687 1022 877 1092 χέρας,
905 1018 1066 1090 ἄνεχε

499 1110 688 1177 λόγον,
720 1110 792 1161 ἵει
823 1105 974 1169 λιτὰς
1001 1109 1077 1168 εἰς
1102 1107 1234 1168 τοὺς
1258 1105 1448 1172 θεούς,

501 1190 638 1263 τύχᾳ
663 1209 750 1246 σοι
773 1190 911 1263 τύχα

501 1281 836 1346 κασίγνητον
863 1277 1195 1346 ἐμβατεῦσαι
1219 1275 1398 1331 πόλιν.

499 1359 639 1415 εἷεν
669 1365 834 1431 φίλας
858 1383 960 1430 μεν
984 1356 1188 1430 ἡδονὰς
1214 1357 1585 1431 ἀσπασμάτων

501 1450 633 1516 ἔχω,
659 1445 842 1519 χρόνῳ
869 1445 931 1500 δε
958 1436 1165 1509 καῦθις
1190 1441 1332 1500 αύτα
1358 1445 1627 1516 δώσομεν

499 1548 570 1586 συ
597 1528 671 1601 δ’,
702 1554 743 1586 ω
771 1531 988 1601 γεραιέ,
1014 1536 1226 1601 καίριος
1253 1529 1358 1602 γὰρ
1382 1527 1610 1601 η’λυθες,

497 1574 680 1686 λε’ξονῖ
710 1622 769 1671 τί
789 1610 1005 1687 δρῶν’“
971 1639 1040 1671 αν
1066 1617 1242 1687 φονέα
1268 1621 1528 1687 τισαίμην
1561 1614 1766 1688 πατρὸς

499 1703 705 1772 μητέρα
718 1724 776 1756 τε
800 1699 902 1771 τὴν
925 1699 1203 1757 κοινωνὸν
1229 1698 1474 1757 ἀνοσίων
1497 1699 1720 1772 γάμων;

498 1791 648 1841 ἔστιν
672 1792 731 1841 τί
750 1809 843 1857 μοι
866 1783 987 1841 κατ’
1007 1782 1210 1857 ’Ἀργος
1237 1782 1464 1857 εὐμενὲς
1488 1792 1701 1858 φίλων;

497 1866 533 1940 ἢ
558 1868 721 1926 πάντ’
752 1868 1215 1941 ἀνεσκευάσμεθ’,
1243 1869 1426 1942 ὥσπερ
1452 1875 1512 1926 αἱ
1538 1870 1724 1941 τύχαις

497 1961 572 2030 τῷ
599 1959 977 2027 συγγένωμαις
1002 1956 1191 2026 νύχιος
1215 1952 1250 2027 ἢ
1273 1954 1409 2011 καθ’
1435 1953 1673 2028 ἡμέραν;

497 2046 664 2096 ποίαν
689 2038 825 2097 ὁδὸν
848 2038 1172 2112 τραπώμεθ’
1204 2046 1280 2105 εἰς
1306 2039 1544 2112 ἐχθροὺς
1568 2039 1758 2111 ε’μούς;

499 2119 544 2180 ὦ
566 2127 780 2196 τέκνον,
811 2123 997 2190 οὐδεὶς
1023 2131 1403 2197 δυστυχοῦντί
1424 2144 1512 2181 σοι
1540 2132 1718 2197 φίλος.

503 2207 714 2282 εὕρημα
739 2210 845 2283 γὰρ
871 2209 931 2267 τὸ
956 2217 1136 2284 χρῆμα
1160 2218 1411 2283 γίγνεται
1436 2212 1580 2282 τόδε,

498 2301 659 2369 κοινῇ
683 2309 973 2368 μετασχεῖν
996 2294 1251 2367 τάγαθοῦ
1276 2297 1370 2352 καὶ
1392 2302 1493 2352 τοῦ
1517 2301 1712 2352 κακοῦ.

498 2379 568 2436 σὺ
596 2378 672 2451 δ’,
700 2384 759 2437 ἐκ
783 2381 1019 2454 βάθρων
1043 2379 1148 2453 γὰρ
1175 2387 1279 2447 πᾶς
1303 2379 1577 2454 ἀνῄρησαι
1602 2386 1784 2452 φίλοις

499 2464 623 2521 οὐδ’
653 2469 970 2531 ἐλλέλοιπας
996 2465 1197 2536 ἐλπίδ’,
1227 2475 1347 2523 ἴσθι
1371 2489 1480 2537 μου
1505 2467 1712 2536 κλύων,

499 2554 559 2606 ἐν
582 2554 724 2622 χειρὶ
748 2559 813 2624 τῇ
837 2558 906 2625 σῇ
931 2549 1093 2608 πάντ’
1123 2558 1261 2622 ἔχεις
1285 2553 1378 2606 καὶ
1399 2557 1465 2624 τῇ
1489 2551 1625 2625 τύχῃ

499 2643 757 2711 πατρῷον
783 2637 937 2693 οἶκον
960 2638 1053 2693 καὶ
1079 2637 1242 2693 πόλιν
1267 2643 1459 2708 λαβεῖν
1484 2638 1669 2692 σέθεν.

499 2727 557 2776 τί
581 2725 717 2793 δῆτα
743 2727 983 2793 δρῶντες
1007 2720 1164 2778 τοῦδ’
1194 2718 1263 2777 ἂν
1289 2724 1628 2793 ἐξικοίμεθας

498 2805 717 2862 κτανών
743 2810 992 2863 Θυέστου
1016 2812 1185 2863 παῖδα
1210 2807 1313 2878 σήν
1337 2829 1395 2862 τε
1417 2808 1640 2878 μητέρα.

498 2887 614 2962 ἥκω
635 2889 718 2947 ’πὶ
741 2892 904 2948 τόνδε
928 2894 1204 2964 στέφανον
1220 2911 1230 2922 ·
1259 2889 1397 2947 ἄλλα
1421 2897 1536 2956 πῶς
1563 2891 1740 2962 λάβω;

1895 438 1977 483 585

1895 866 1978 909 590

1893 1288 1978 1331 595

1891 2140 1976 2182 605

1891 2564 1974 2606 610
