2022 3126
232 48 331 99 328
624 51 960 98 ΗΡΑΚΔΗΣ
989 52 1489 103 ΜΑΙΝΟΜΈΝΟΣ

421 190 493 263 μὴ
517 190 660 246 πόδα
684 189 995 262 προκάμητε
1674 193 1790 255 ἄνις,

429 274 574 348 βαρύ
601 297 659 330 τε
682 280 891 346 κῶλον,
919 272 1057 332 ὥστε
1080 285 1216 348 πρὸς
1241 290 1500 351 πετραῖον
1796 295 1879 338 120

427 362 591 424 λέπας
615 359 919 432 ζυγοφόρος
944 357 1179 433 ἅρματος
1202 366 1370 434 βάρος
1394 364 1581 435 φέρων

426 443 772 516 τροχηλάτοιο
795 450 991 510 πῶλος.

427 535 601 601 λαβοῦ
625 534 804 601 χερῶν
826 531 918 585 καὶ
941 531 1180 599 πέπλων,
1207 526 1339 587 ὅτου
1365 533 1582 588 λέλοιπε

429 612 598 678 ποδὸς
623 611 874 686 ἀμαυρὸν
898 622 1046 685 ἴχνος
1064 634 1074 643 ·

427 700 606 771 γέρων
630 701 860 771 γέροντα
883 699 1230 771 παρακόμιζε,
1799 715 1881 759 125

428 782 487 839 τὸ
513 783 683 855 πάρος
707 786 766 839 ἐν
788 781 995 855 ἡλίκων
1019 783 1206 849 πόνοις

430 860 474 943 ᾦ
497 868 737 935 ξύνοπλα
762 868 966 938 δόρατα
988 870 1085 924 νέα
1109 870 1216 944 νέῳ

428 955 600 1024 ξυνῆν
623 949 764 1024 ποτ’,
791 951 1177 1018 εὐκλεεστάτας

427 1042 686 1109 πατρίδος
715 1034 817 1093 οὐκ
848 1035 1053 1110 ὀνείδη.

430 1127 591 1192 ἴδετε,
620 1120 823 1193 πατρὸς
849 1120 920 1187 ὡς
1805 1137 1887 1182 130

431 1212 712 1280 γοργῶπες
739 1211 858 1262 αἵδε
887 1221 1218 1280 προσφερεῖς

431 1288 687 1363 ὀμμάτων
710 1287 895 1361 αὐγαί,

433 1374 512 1444 [τὸ
539 1375 600 1432 δὲ
625 1373 692 1444 δὴ
716 1376 1010 1447 κακοτυχὲς
1039 1373 1106 1432 οὐ
1133 1378 1384 1434 λέλοιπεν
1407 1381 1466 1434 ἐκ
1490 1379 1735 1449 τέκνων,]

432 1458 555 1517 οὐδ’
583 1457 861 1532 ἀποίχεται
885 1461 1052 1533 χάρις.

425 1543 611 1610 Ἑλλὰς
637 1538 679 1600 ὦ
704 1546 1013 1617 ξυμμάχους
1808 1561 1889 1606 135

432 1635 581 1695 οἴους
606 1634 755 1695 οἵους
779 1627 1012 1686 ὀλέσασα

433 1712 622 1771 τούσδ’
652 1711 1026 1787 ἀποστερήσει.

436 1797 555 1855 ἀλλ’
588 1805 782 1871 εἰσορῶ
807 1798 911 1873 γὰρ
936 1805 1098 1871 τῆσδε
1122 1806 1383 1871 κοίρανον
1404 1799 1606 1870 χθονὸς

435 1885 622 1941 Λύκον
647 1890 900 1956 περῶντα
923 1890 1098 1941 τῶνδε
1122 1885 1388 1956 δωμάτων
1411 1884 1601 1956 πάρος.

253 1977 412 2028 ΛΤΚ.
439 1968 534 2025 τὸν
553 1966 874 2040 “Ηράκλειον
899 1971 1104 2039 πατέρα
1127 1972 1219 2025 καὶ
1242 1968 1532 2041 ξυνάορον,
1811 1979 1892 2028 140

440 2059 490 2110 εἰ
508 2053 610 2126 χρή
639 2051 707 2124 μ’,
734 2056 945 2125 ἐρωτῶ·
980 2053 1081 2126 χρὴ
1107 2051 1180 2124 δ’,
1206 2057 1328 2111 ἐπεί
1347 2076 1409 2125 γε
1437 2054 1700 2126 δεσπότης

438 2137 596 2210 ὑμῶν
620 2135 925 2210 καθέστηχ’,
955 2142 1191 2211 ἱστορεῖν
1219 2135 1254 2194 ἃ
1277 2139 1560 2210 βούλομαι.

436 2222 532 2280 τίν’
563 2227 638 2288 είς
662 2223 863 2295 χρόνον
886 2229 1086 2295 ζητεῖτε
1109 2229 1350 2295 μηκῦναι
1375 2230 1530 2295 βίον;

439 2306 535 2364 τίν’
564 2305 742 2364 ἐλπίδ’
771 2306 944 2379 ἀλκήν
968 2305 1007 2363 τ’
1037 2314 1281 2380 εἰσορᾶτε
1303 2307 1375 2380 μὴ
1401 2317 1627 2374 θανεῖν;

439 2390 475 2464 ἦ
497 2390 593 2448 τὸν
618 2391 738 2463 παρ’
753 2389 914 2466 ’Ἀιδῃ
935 2395 1138 2464 πατέρα
1163 2398 1339 2449 τῶνδε
1361 2399 1616 2465 κείμενον
1815 2405 1896 2449 145

440 2475 727 2533 πιστεύεθ’
755 2475 938 2549 ἥξειν;
963 2473 1035 2544 ῶς
1059 2475 1198 2550 ὑπὲρ
1226 2476 1326 2550 τὴν
1350 2475 1507 2545 ἀξίαν

441 2561 500 2618 τὸ
527 2564 731 2627 πένθος
755 2559 995 2634 αἴρεσθ’,
1025 2567 1075 2618 εἰ
1093 2571 1293 2618 θανεῖν
1319 2559 1459 2634 ὑμᾶς
1481 2562 1673 2634 χρεών,

442 2647 512 2702 σύ
535 2647 635 2717 μὲν
657 2644 791 2701 καθ’
813 2643 1023 2702 Ἑλλάδ’
1053 2646 1301 2719 ἐκβαλών
1324 2647 1567 2718 κόμπους
1589 2643 1786 2711 κενοὺς

441 2728 512 2796 ῶς
535 2730 810 2802 σύγγαμός
836 2750 922 2787 σοι
947 2730 1086 2796 Ζεὺς
1140 2741 1169 2774 *
1225 2740 1255 2774 *
1312 2743 1338 2773 *
1396 2743 1422 2774 *
1477 2741 1504 2773 *
1560 2740 1606 2800 *‚

442 2813 513 2871 σὺ
540 2811 593 2870 δ’
626 2812 697 2879 ῶς
721 2812 948 2887 ἀριστου
973 2813 1154 2886 φωτὸς
1178 2816 1413 2888 ἐκλήθης
1444 2815 1640 2887 δάμαρ.
1815 2828 1897 2869 150
