2022 3126
101 242 212 294 XO.

88 1591 207 1641 ΘΗ.

768 94 1105 142 ΙΚΕΤΙΔΕΣ
1649 98 1751 151 383

283 233 805 308 ίππόβοτον”Αργος,
832 228 876 290 a}
899 233 1133 307 πάτριον
1153 236 1286 309 ε’μὸν
1303 240 1489 310 πέδον,
1538 254 1749 309 στρ.365

285 321 506 377 ἐκλύετε
531 319 653 376 τάδ’
683 317 895 375 ἐκλύετ’
923 317 1153 386 ἄνακτος

285 401 408 460 ὅσια
434 407 560 477 περὶ
583 402 754 469 θεοὺς
775 406 867 460 καὶ
897 404 1107 479 μεγάλα
1129 413 1413 481 Πελασγίᾳ

283 492 375 544 καὶ
405 487 525 545 κατ’
557 486 774 561 ’Ἄργος

286 579 337 628 εἰ
357 573 462 645 γὰρ
488 575 577 630 ἐπὶ
601 575 771 646 τέρμα
800 576 892 629 καὶ
916 572 974 630 τὸ
1002 576 1170 630 πλέον
1192 578 1339 646 ἐμῶν
1362 583 1551 633 κακῶν
1629 575 1744 634 ἀντ.

286 658 537 729 ἱκόμενος
562 665 639 714 ἔτι
663 660 893 731 ματέρος
917 657 1131 730 ἄγαλμα
1663 676 1747 720 370

281 742 483 813 φόνιον
507 745 702 813 ἐξέλοι,
728 749 834 814 γᾶν
857 744 918 799 δὲ
943 749 1133 815 φίλιον
1146 742 1352 814 Ἰνάχου

278 825 423 882 θεῖτ’
452 825 668 900 ὀνήσας.

280 910 451 967 καλὸν
476 910 529 968 δ’
559 909 772 983 ἄγαλμα
798 912 1024 967 πόλεσιν
1050 911 1281 984 εὐσεβὴς
1306 914 1474 979 πόνος
1542 933 1655 978 στρ.

279 995 439 1067 χάριν
462 995 510 1052 τ’
540 1003 648 1068 ἔχει
672 995 773 1051 τὰν
800 1000 852 1061 ἐς
883 996 984 1053 ἀεί.

279 1085 337 1134 τί
357 1103 450 1151 μοι
474 1081 630 1146 πόλις
653 1091 849 1152 κρανεῖ
869 1079 1024 1150 ποτ’;
1053 1075 1158 1155 ἆρα
1183 1083 1342 1155 φίλιά
1363 1107 1454 1155 μοι
1663 1097 1745 1142 375

278 1178 454 1236 τεμεῖ,
484 1168 576 1221 καὶ
599 1168 811 1230 τέκνοις
834 1165 1009 1237 ταφὰς
1031 1167 1386 1239 ληψόμεσθα;

278 1245 453 1320 ἄμυνε
477 1257 668 1323 ματρί,
698 1250 881 1318 πόλις,
916 1248 1118 1323 ἄμυνε,
1143 1253 1451 1323 Παλλάδος,
1541 1250 1658 1310 ἀντ.

279 1334 485 1405 νόμους
507 1341 723 1407 βροτῶν
746 1332 818 1406 μὴ
843 1342 1099 1406 μιαίνειν.

280 1418 349 1473 σύ
372 1442 456 1474 τοι
482 1422 660 1491 σέβεις
684 1424 871 1489 δίκαν,
901 1419 961 1475 τὸ
987 1426 1018 1477 δ
1026 1418 1039 1439 '
1066 1414 1236 1493 ἧσσον
1260 1420 1447 1496 ἀδικία

274 1505 455 1574 νέμεις
478 1508 721 1575 δυστυχῆ
745 1502 793 1559 τ’
822 1501 907 1559 ἀεὶ
933 1506 1109 1562 πάντα
1134 1507 1269 1579 ρύει.
1659 1520 1745 1565 380

275 1590 471 1659 τέχνην
495 1589 595 1660 μὲν
619 1587 704 1644 ἀεὶ
727 1587 884 1660 τήνδ’
913 1595 1052 1660 ἔχων
1076 1588 1365 1663 ὑπηρετεῖς

277 1673 432 1728 πόλει
455 1697 512 1729 τε
536 1672 718 1745 κάμοί,
747 1676 1032 1745 διαφέρων
1054 1677 1377 1748 κηρύγματα
1392 1694 1402 1703 ·

277 1759 461 1813 ἐλθῶν
485 1756 538 1814 δ’
566 1756 707 1831 ὑπέρ
735 1756 782 1813 τ’
805 1755 1054 1816 Ἀσωπόν
1073 1758 1324 1833 Ἰσμηνοῦ
1348 1759 1414 1815 θ’
1442 1758 1597 1832 ὕδωρ

273 1849 454 1918 σεμνῷ
479 1843 737 1918 τυράννῳ
761 1844 931 1915 φράζε
953 1850 1251 1917 Καδμείων
1274 1846 1404 1901 τάδε
1422 1863 1433 1874 ·

276 1926 489 1999 Θησεύς
513 1925 564 1984 σ’
592 1926 814 1984 ἀπαιτεῖ
834 1927 971 2000 πρὸς
990 1929 1152 2003 χάριν
1174 1930 1353 1997 θάψαι
1375 1930 1624 2002 νεκρούς,
1659 1945 1741 1989 385

274 2010 585 2084 συγγείτον’
619 2019 789 2069 οἰκῶν
815 2026 1007 2085 γαῖαν,
1033 2012 1201 2079 ἀξιῶν
1224 2028 1428 2086 τυχεῖν,

276 2102 440 2167 φίλον
466 2120 524 2154 τε
547 2099 755 2153 θέσθαι
779 2095 939 2154 πάντ’
962 2095 1326 2171 Ἐρεχθειδῶν
1349 2099 1508 2155 λεών.

273 2177 378 2236 κᾶν
401 2183 503 2253 μὲν
531 2184 775 2238 θέλωσιν
800 2184 1014 2238 αἰνέσαι
1031 2227 1045 2254 ,
1071 2191 1404 2249 παλίσσυτος

273 2264 438 2337 στεῖχ’
458 2285 469 2296 ·
496 2263 567 2338 ἢν
592 2263 646 2322 δ’
676 2265 962 2338 άπιστῶσ’,
991 2272 1107 2324 οἵδε
1132 2268 1382 2340 δεύτεροι
1407 2268 1575 2341 λόγοι,

273 2356 460 2422 κῶμον
485 2353 743 2422 δέχεσθαι
766 2350 863 2406 τὸν
887 2351 1020 2422 ἐμὸν
1044 2351 1442 2425 ἀσπιδηφόρον.
1656 2367 1740 2411 390

272 2434 500 2506 στρατὸς
524 2435 585 2492 δὲ
609 2435 807 2492 θάσσει
829 2433 1169 2505 κάξετάζεται
1192 2436 1387 2509 παρῶν

272 2525 617 2592 Καλλίχορον
642 2518 783 2592 ἀμφὶ
807 2520 1011 2591 σεμνὸν
1037 2520 1302 2595 εὐτρεπὴς
1324 2519 1434 2578 ὅδε.

270 2605 362 2658 καὶ
385 2604 494 2676 μὴν
522 2605 724 2661 ἑκοῦσά
747 2603 804 2676 γ’
834 2602 1039 2679 ἀσμένη
1063 2604 1112 2662 τ’
1141 2609 1356 2674 ἐδέξατο

271 2685 427 2755 πόλις
452 2690 625 2746 πόνον
649 2688 823 2761 τόνδ’,
851 2686 922 2753 ῶς
945 2692 1186 2747 θέλοντά
1209 2688 1267 2763 μ’
1293 2688 1515 2765 ᾔσθετο.

590 2787 673 2831 365
689 2809 751 2815 -
764 2787 851 2833 368
873 2799 940 2820 =
963 2789 1047 2833 369
1063 2810 1124 2818 -
1139 2789 1224 2834 372

592 2870 677 2916 373
692 2893 752 2899 -
767 2871 852 2916 376
873 2892 946 2914 =
967 2871 1052 2918 377
1066 2895 1127 2903 -·
1139 2872 1226 2917 380
