2022 3126
202 65 268 117 74

210 1064 308 1112 ΤΡ.

209 2174 323 2223 ΧΟ.

212 2345 316 2393 ΟΡ.

210 2517 322 2566 ΧΟ.

213 2602 316 2650 ΟΡ.

773 63 1237 113 ΑΝΔΡΟΜΑΧΗ

393 204 514 263 ὀλεῖ
554 201 656 278 [μ’]
703 201 824 260 ὀλεῖ
866 226 934 275 με
981 202 1215 275 [δηλαδὴ
1257 203 1434 274 πόσις]
1451 221 1463 234 ·
1517 196 1641 278 τᾷδ’
1689 198 1862 257 οὐκέτ’

959 288 1230 359 ἐνοικήσω

395 380 684 450 νυμφιδίω
708 375 889 447 στέγᾳ.
925 378 951 407 *
984 379 1010 407 *
1043 379 1068 408 *
1104 379 1130 407 *
1164 377 1191 407 *

393 468 544 526 τίνος
568 458 899 532 ἀγαλμάτων
924 460 1088 523 ι”κέτις
1112 456 1365 529 ὁρμαθῶ,

392 543 429 618 ἢ
458 546 633 603 δούλα
658 543 862 608 δούλας
907 542 1105 614 γόνασι
1146 543 1471 614 προσπέσως
1785 553 1868 597 860

392 631 642 696 Φθιάδος
668 633 726 685 ἐκ
750 635 851 700 γᾶς

391 716 766 786 κυανόπτερος
791 711 945 785 ὅρνις
972 710 1084 769 εἶθ’
1115 721 1252 785 εἴην,

389 798 426 874 ἦ
449 807 693 858 πευκᾶεν
716 795 1016 870 σκάφος,α

397 887 490 944 διὰ
513 887 771 950 Κυανέας
796 886 1062 955 ἐπέρασεν
1091 880 1256 948 ἀκτὰς

395 972 750 1045 πρωτόπλοος
773 969 966 1025 πλάτα.
1786 978 1872 1022 865

396 1081 438 1113 ω
465 1054 678 1127 παῖ,τὸ
705 1061 832 1111 λίαν
858 1051 978 1112 οὔτ’
1008 1049 1176 1109 ἐκεῖν’
1207 1053 1463 1124 ἐπῄνεσα,

394 1139 475 1198 οτ’
506 1148 582 1208 εἰς
607 1154 848 1213 γυναῖκα
880 1135 1099 1215 Τρωάδ’
1129 1137 1508 1240 ἐξημάρτανες,

397 1225 516 1284 οὔτ’
547 1228 618 1283 αὐ
644 1225 704 1282 τὸ
731 1231 842 1281 νῦν
866 1245 968 1281 σου
997 1219 1143 1295 δεῖμ’
1176 1219 1207 1278 ὸ
1231 1219 1579 1294 δειμαίνεις’
1557 1219 1716 1293 άγαν

396 1310 498 1384 οὐχ
524 1314 634 1368 ὦδε
659 1315 827 1382 κῆδος
850 1308 953 1366 σὸν
984 1309 1242 1365 διώσεται
1266 1307 1426 1372 πόσις

397 1398 616 1472 φαύλης
659 1393 926 1468 γυναικὸς
950 1393 1240 1466 βαρβάρου
1266 1394 1516 1457 πεισθεὶς
1539 1391 1740 1463 λόγοις.
1787 1404 1873 1448 870

395 1480 462 1540 οὗ
487 1484 592 1555 γάρ
618 1489 677 1538 τί
694 1478 746 1537 σ’
776 1479 1123 1552 αἰχμάλωτον
1147 1481 1205 1534 ἐκ
1237 1483 1435 1548 Τροίας
1463 1483 1589 1548 ἔχει,

398 1566 518 1624 ἀλλ’
549 1565 753 1640 ἀνδρὸς
781 1569 990 1622 ἐσθλοῦ
1017 1568 1187 1620 παῖδα
1213 1562 1320 1619 σὺν
1345 1569 1567 1628 πολλοῖς
1591 1559 1781 1634 λαβὼν

398 1657 627 1724 ἕδνοισι,
655 1651 866 1716 πόλεως
892 1648 941 1706 τ’
972 1647 1039 1706 οὐ
1067 1652 1245 1721 μέσως
1273 1645 1619 1720 εὐδαίμονος.

397 1738 574 1810 πατὴρ
600 1740 667 1794 δέ
687 1734 739 1793 σ’
778 1735 879 1808 οὐχ
905 1728 1007 1791 ὧδ’
1039 1733 1111 1800 ὡς
1135 1734 1205 1791 σὺ
1233 1739 1550 1806 δειμαίνεις,
1575 1735 1788 1803 τέκνον,

396 1822 639 1895 προδοὺς
663 1823 811 1879 ἐάσει
837 1821 1108 1893 δωμάτων
1133 1817 1301 1876 τῶνδ’
1331 1823 1602 1875 ἐκπεσεῖν.
1789 1827 1874 1874 875

398 1906 520 1966 ἀλλ’
553 1905 722 1965 εἴσιθ’
754 1916 883 1964 εἴσω
909 1907 1048 1978 μηδὲ
1075 1905 1354 1977 φαντάζου
1381 1903 1569 1975 δόμων

397 1995 638 2066 πάροιθε
661 1998 865 2063 τῶνδε,
893 1992 966 2063 μή
992 1988 1098 2046 τιν’
1127 1990 1397 2061 αἰσχύνην
1421 1989 1592 2061 λάβῃς

399 2080 672 2187 [πρόσθεν
695 2078 997 2150 μελάθρων
1021 2073 1189 2132 τῶνδ’
1220 2073 1476 2147 ὁρωμένη
1493 2118 1506 2144 ,
1531 2074 1766 2141 τέκνον].

394 2167 488 2222 καὶ
512 2163 620 2237 μὴν
647 2161 733 2220 όδ’
763 2160 1043 2234 ἀλλόχρως
1070 2186 1150 2228 τις
1177 2165 1410 2233 ἔκδημος
1437 2161 1589 2226 ξένος

397 2254 616 2308 σπουδ
586 2274 617 2323 η
644 2248 781 2321 πρὸς
806 2246 946 2320 ἡμας
972 2247 1276 2319 βημάτων
1261 2245 1574 2317 πορεύεται.
1790 2252 1877 2298 880

399 2338 548 2403 ξέναι
573 2348 863 2407 γυναῖκες,
891 2336 924 2405 ἡ
952 2330 1075 2389 τάδ’
1106 2329 1219 2389 ἔστ’
1251 2329 1466 2403 Ἀχιλλ’
1437 2353 1537 2395 εως

399 2419 597 2486 παιδὸς
624 2423 878 2493 μέλαθρα
901 2443 994 2475 και
1021 2418 1351 2490 τυραννικαὶ
1376 2417 1592 2487 στέγαις

396 2513 596 2579 ἔγνως·
623 2504 758 2575 ἀτὰρ
781 2513 864 2569 τίς
897 2500 975 2560 ὧν
1006 2503 1077 2562 σύ
1099 2504 1379 2559 πυνθάνει
1396 2500 1555 2566 τάδε;

389 2590 792 2664 Ἀγαμέμνονός
815 2613 874 2646 τε
896 2591 991 2646 καὶ
1013 2587 1506 2687 Κλυταιμνήστρας
1530 2582 1705 2650 τόκος,

400 2701 573 2749 ονομα
599 2674 650 2734 δ’
674 2673 944 2747 Ὀρέστης.
988 2681 1212 2746 ἔρχομαι
1236 2673 1298 2728 δὲ
1321 2669 1458 2743 πρὸς
1482 2667 1621 2735 Διὸς
1791 2682 1877 2727 885

399 2775 630 2835 μαντεῖα
654 2759 976 2817 Δωδωναῖ’
1001 2761 1122 2816 ἐπεὶ
1148 2755 1201 2814 δ’
1231 2754 1514 2828 ἀφικόμην

400 2855 617 2920 Φθίαν,
643 2851 798 2903 δοκεῖ
818 2870 910 2917 μοι
941 2847 1242 2917 ξυγγενοῦς
1268 2850 1473 2914 μαθεῖν
1498 2834 1625 2911 περὶ
