2022 3126
217 97 312 148 164

213 245 326 294 ΕΚ.

212 328 323 378 ΑΓ.

215 414 326 463 ΕΚ.

212 498 323 548 ΑΓ.

214 584 326 632 ΕΚ.

225 668 324 718 AF.

212 754 326 802 ΕΚ

212 839 323 888 ΑΓ.

212 924 326 972 ΕΚ.

212 1008 325 1057 ΑΓ.

211 1094 327 1142 ΕΚ.

213 1178 325 1227 ΑΓ.

215 1264 327 1312 ΕΚ.

212 1348 325 1397 ΑΓ.

214 1434 327 1482 ΕΚ.

218 1518 326 1568 ΑΓ.

215 1604 262 1652 E
271 1604 329 1653 K.

214 1688 326 1737 ΑΓ.

217 1774 329 1822 ΕΚ.

939 96 1186 143 ΕΚΛΒΗ

395 237 572 310 πατήρ
602 261 694 293 νιν
720 238 1019 309 ἐξέπεμψεν
1043 234 1311 307 ὀρρωδῶν
1335 244 1553 292 θανεῖν.

399 336 496 378 ποῖ
514 328 626 378 τῶν
648 318 761 377 τότ’
792 319 970 378 ὄντων
995 327 1233 392 χωρίσας
1255 323 1466 376 τέκνων
1489 319 1691 391 μόνους

398 413 474 472 εἰς
499 407 664 478 τήνδε
688 406 900 478 χῶραν,
927 399 1100 476 οὗπερ
1117 403 1336 478 ηὑρέθη
1363 404 1576 460 θανών.
1791 416 1875 463 770

399 491 536 563 πρὸς
560 488 722 564 ἄνδρ’
750 488 809 557 ὃς
831 488 986 563 ἄρχει
1011 495 1175 562 τῆσδε
1198 491 1582 562 Πολυμήστωρ
1606 490 1839 561 χθονός;

399 574 628 633 ἐνταῦθ’
659 578 918 649 ἐπέμφθη
943 575 1277 646 πικροτάτου
1300 580 1512 647 χρυσοῦ
1539 576 1734 646 φύλαξ.

397 663 632 733 θνήσκει
659 663 720 718 δε
745 685 881 733 προς
905 667 1003 718 τοῦ
1028 663 1121 716 καὶ
1147 667 1297 726 τίνος
1320 659 1532 732 πότμου
1558 660 1768 731 τυχῶν;

398 754 547 812 τίνος
573 745 625 803 δ’
654 744 752 803 ὑπ’
780 744 981 813 αλλου;
1022 747 1167 819 Θρῄξ
1194 770 1285 802 νιν
1312 742 1484 800 ῶλεσε
1508 746 1677 812 ξένος.

404 834 445 887 ῶ
471 839 702 904 τλῆμον·
744 824 780 903 ἦ
808 855 916 888 που
940 830 1149 902 χρυσὸν
1173 827 1395 902 ἠράσθη
1421 837 1641 902 λαβεῖν;
1796 842 1877 889 775

395 915 607 973 τοιαῦτ’
616 916 838 987 επειδ
816 941 846 988 η
868 916 1164 988 συμφορὰν
1191 922 1333 987 ἔγνω
1360 921 1622 987 Φρυγῶν.

395 994 564 1075 ηὗρες
589 1003 651 1058 δὲ
674 1008 781 1058 ποῦ
807 1026 917 1072 νιν,
943 998 978 1074 ἢ
1001 1008 1082 1066 τίς
1106 999 1343 1072 ἤνεγκεν
1370 1001 1603 1073 νεκρόν;

396 1084 511 1159 ἥδ’,
538 1091 845 1158 ἐντυχοῦσα
869 1093 1095 1153 ποντίας
1120 1084 1285 1158 ἀκτῆς
1311 1092 1415 1141 ἔπι.

401 1178 600 1228 τοῦτον
625 1169 924 1244 ματεύουσ’
953 1167 987 1243 ἦ
1019 1169 1250 1228 πονοῦσ’
1281 1168 1451 1227 ἄλλον
1475 1172 1680 1239 πόνον;

395 1254 586 1328 λούτρ’
617 1254 773 1332 ᾤχετ’
803 1254 1017 1313 οῖ’σουσ’
1047 1260 1099 1324 ἐξ
1124 1254 1254 1321 ἁλὸς
1277 1258 1582 1328 Πολυξένη.
1794 1269 1879 1314 780

403 1341 622 1398 κτανών
644 1365 765 1413 νιν,
794 1339 866 1406 ῶς
891 1348 1098 1412 ἔοικεν,
1125 1342 1378 1413 ἐκβάλλει
1404 1343 1572 1407 ξένος.

397 1427 960 1499 θαλασσόπλαγκτον,
989 1419 1097 1482 ῶδε
1123 1424 1400 1497 διατεμῶν
1425 1426 1577 1497 χρόα.

407 1505 450 1567 ῶ
475 1519 693 1583 σχετλία
718 1511 788 1568 σὺ
814 1519 925 1568 τῶν
949 1509 1269 1584 ἆμετρήτων
1295 1511 1502 1567 πόνων.

399 1594 583 1653 ὄλωλα
607 1595 813 1654 κούδὲν
837 1597 1061 1668 λοιπόν,
1083 1595 1451 1669 Ἀγάμεμνον,
1480 1603 1684 1653 κακῶν.

403 1689 512 1754 φεῦ
539 1689 649 1754 φεῦ
665 1702 675 1712 ’
710 1690 791 1749 τίς
819 1680 963 1739 οὕτω
989 1682 1263 1754 δυστυχὴς
1289 1689 1399 1753 ἔφυ
1423 1683 1595 1754 γυνή;
1799 1695 1882 1740 785

402 1765 505 1823 οὐκ
531 1775 707 1839 ἔστιν,
743 1774 794 1825 εἰ
814 1768 887 1840 μὴ
913 1767 1013 1840 τὴν
1039 1768 1209 1839 τύχην
1235 1765 1410 1840 αὐτὴν
1436 1771 1630 1839 λέγοις.

404 1849 526 1908 ἀλλ’
560 1845 744 1925 ῶνπερ
788 1848 956 1911 εἵνεκ’
989 1850 1130 1924 ἀμφὶ
1155 1852 1257 1909 σὸν
1282 1859 1461 1908 πίπτω
1487 1853 1644 1923 γόνυ,

408 1934 669 1994 ἄκουσον.
712 1944 763 1993 εἰ
782 1938 883 2009 μὲν
908 1936 1032 1994 ὅσιά
1057 1957 1142 1993 σοι
1168 1946 1375 1994 παθεῖν
1397 1942 1565 2008 δοκῶ,

407 2020 685 2095 στέργοιμ’
716 2021 810 2078 ἄν·
851 2023 984 2078 εἰδὲ
1007 2019 1347 2093 τοῦμπαλιν,
1373 2022 1444 2078 σύ
1468 2046 1559 2093 μοι
1586 2029 1752 2094 γενοῦ

405 2106 642 2179 τιμωρὸς
667 2104 872 2179 ἀνδρὸς
897 2105 1275 2163 ἄνοσιωτάτου
1301 2109 1479 2177 ξένου,
1798 2121 1882 2165 790

407 2189 466 2258 ὃς
490 2189 619 2248 οὔτε
644 2191 774 2257 τοὺς
799 2198 897 2264 γῆς
921 2194 1128 2263 νέρθεν
1156 2189 1284 2248 οὔτε
1310 2190 1440 2257 τοὺς
1465 2189 1580 2248 ἅνω

409 2281 596 2342 δείσας
623 2280 893 2350 δέδρακεν
919 2284 1082 2349 ἔργον
1107 2273 1481 2332 ἀνοσιώτατον

408 2366 619 2434 [κοινῆς
643 2363 905 2434 τραπέζης
931 2363 1192 2427 πολλάκις
1218 2361 1402 2433 τυχῶν
1427 2365 1562 2433 ἐμοί,

408 2450 588 2514 ξενίας
611 2445 660 2502 τ’
691 2444 913 2522 ἀριθμῷ
939 2454 1128 2518 πρῶτα
1152 2454 1263 2502 τῶν
1289 2451 1436 2518 ε’μῶν
1457 2455 1659 2516 φίλων·

409 2530 590 2602 τυχῶν
617 2529 669 2587 δ’
699 2529 846 2588 ὅσων
871 2537 960 2588 δεῖ
980 2534 1071 2587 καὶ
1095 2531 1284 2603 λαβὼν
1307 2538 1629 2603 προμηθίαν
1801 2545 1881 2590 795

411 2623 646 2687 ἔκτεινε,
674 2617 890 2688 τύμβου
917 2614 991 2687 δ’,
1020 2623 1070 2672 εἰ
1092 2630 1316 2672 κτανεῖν
1341 2617 1615 2688 ἐβούλετο,

410 2698 514 2758 οὐκ
538 2699 799 2772 ἠξίωσεν,
827 2699 949 2757 ἀλλ’
979 2698 1159 2773 ἀφῆκε
1184 2702 1449 2769 πόντιον].

411 2783 565 2859 ἡμεῖς
588 2786 690 2858 μὲν
717 2780 821 2842 οὖν
848 2792 1048 2842 δοῦλοί
1067 2809 1124 2842 τε
1149 2783 1444 2850 κάσθενεῖς
1469 2794 1629 2850 ἴσως·

411 2869 536 2928 ἀλλ’
565 2876 622 2926 οἶ
640 2873 764 2927 θεοὶ
789 2873 1058 2928 σθένουσι
1081 2869 1157 2942 χῶ
1183 2878 1387 2927 κείνων
1411 2876 1631 2941 κρατῶν
