2022 3126
106 302 218 352 XO.

108 471 207 519 ΟΔ

107 1396 218 1445 ΕΚ.

112 2158 228 2205 ΟΔ.

111 2241 222 2290 ΕΚ.

115 2494 230 2542 ΟΔ.

111 2578 228 2627 ΕΚ.

116 2663 232 2710 ΟΔ.

115 2746 225 2794 ΕΚ.

116 2833 232 2879 ΟΔ.

806 71 1055 118 ΕΚΑΒΗ
1656 63 1749 115 147

294 213 555 282 ξυντυχία
586 216 857 281 κρείσσων
882 208 1167 278 ἐκύρησεν.
1672 221 1756 263 215

289 298 382 351 καὶ
403 294 513 366 μὴν
532 292 830 356 Ὀδυσσεὺς
854 299 1066 363 ἔρχεται
1091 297 1307 365 σπουδῇ
1332 291 1517 361 ποδός,

285 378 482 451 Ἑκάβη
497 422 511 449 ,
535 380 666 433 νέον
689 401 741 432 τι
765 376 901 446 πρὸς
925 377 987 431 σὲ
1009 383 1272 446 σημανῶν
1297 383 1440 440 ἔπος.

291 464 482 534 γύναι,
509 467 656 518 δοκῶ
678 464 778 532 μέν
802 458 854 515 σ’
885 463 1089 515 εἰδέναι
1112 460 1339 531 γνώμην
1364 465 1599 530 στρατοῦ

290 547 481 619 ψῆφόν
507 569 565 601 τε
591 545 691 617 τὴν
715 554 1082 616 κρανθεῖσαν·
1117 541 1238 610 ἀλλ’
1268 542 1412 615 ὅμως
1437 543 1646 615 φράσω.

293 629 434 697 ἔδοξ’
459 630 690 701 Ἀχαιοῖς
714 634 883 685 παῖδα
907 628 1010 699 σὴν
1033 626 1356 699 Πολυξένην
1674 640 1755 680 220

293 716 492 787 σφάξαι
517 714 652 787 πρὸς
678 712 856 786 ὀρθὸν
879 711 1016 785 χῶμ’
1040 711 1342 783 Ἀχιλλείου
1363 713 1558 782 τάφου.

290 798 430 871 ἡμᾶς
454 799 515 855 δὲ
538 797 791 870 πομποὺς
815 801 906 853 καὶ
929 803 1261 868 κομιστῆρας
1285 797 1450 867 κόρης

293 885 590 940 τάσσουσιν
615 883 780 939 εἶναι·
820 883 1069 953 θύματος
1095 887 1127 936 δ
1135 879 1148 899 ’
1178 881 1465 951 ἐπιστάτης

294 968 474 1040 ἱερεύς
497 966 544 1022 τ’
577 970 794 1023 ἐπέσται
821 972 985 1023 τοῦδε
1009 979 1135 1031 παῖς
1154 963 1454 1036 Ἀχιλλέως.

295 1050 444 1109 οἶσθ’
473 1045 577 1107 οὖν
602 1049 633 1107 ὃ
656 1056 893 1123 δρᾶσον;
926 1048 1051 1122 μήτ’
1080 1049 1444 1121 άποσπασθῇς
1470 1054 1564 1121 βία
1677 1060 1759 1102 225

294 1134 420 1209 μήτ’
452 1143 527 1201 είς
550 1143 730 1207 χερῶν
754 1133 990 1207 ἅμιλλαν
1015 1138 1239 1207 ἐξέλθῃς
1264 1138 1407 1205 ἐμοί·

293 1228 567 1293 γίγνωσκε
592 1219 644 1277 δ’
675 1219 850 1292 ἀλκὴν
875 1223 969 1276 καὶ
992 1225 1305 1292 παρουσίαν
1329 1223 1515 1273 κακῶν

292 1313 404 1361 τῶν
427 1312 558 1361 σῶν.
592 1306 769 1376 σοφόν
797 1328 882 1359 τοι
911 1305 1016 1359 κᾶν
1046 1316 1232 1366 κακοῖς
1261 1302 1296 1355 ἂ
1326 1307 1412 1356 δεῖ
1437 1313 1680 1370 φρονεῖν.

291 1396 430 1446 αιάῖ·
466 1387 758 1461 παρέστηχ’
790 1387 862 1454 ῶς
887 1387 1021 1444 ἔοικ’
1050 1385 1201 1459 ἆγῶν
1225 1389 1409 1458 μέγας,

292 1476 500 1545 πλήρης
523 1480 844 1545 στεναγμῶν
868 1471 1000 1529 οὐδὲ
1025 1472 1284 1541 δακρύων
1310 1470 1484 1535 κενός.
1677 1482 1760 1524 ’230

295 1556 504 1630 κᾶγωγ’
534 1557 624 1629 ἄρ’
653 1556 756 1614 οὐκ
782 1565 1059 1629 ἔθνησκον
1083 1550 1151 1612 οὗ
1175 1553 1231 1627 μ’
1262 1559 1426 1626 ἐχρῆν
1449 1563 1664 1621 θανεῖν,

297 1642 421 1699 οὐδ’
450 1641 656 1698 ῶλεσέν
681 1666 747 1713 με
770 1642 937 1711 Ζεύς,
966 1644 1155 1711 τρέφει
1181 1639 1255 1709 δ’,
1282 1637 1427 1704 ὅπως
1452 1636 1563 1709 ὁρῶ

297 1735 484 1783 κακῶν
507 1725 631 1782 κάκ’
662 1725 799 1782 ἄλλα
825 1723 1030 1798 μείζον’
1059 1724 1092 1796 ἡ
1118 1722 1332 1780 τάλαιν’
1362 1723 1484 1795 ἐγώ.

298 1818 348 1867 εί
369 1811 421 1868 δ’
454 1818 566 1868 ἔστι
590 1825 702 1876 τοῖς
728 1812 979 1866 δούλοισι
1003 1810 1132 1874 τοὺς
1156 1809 1489 1879 ἐλευθέρους

295 1896 366 1968 μὴ
392 1896 575 1967 λυπρὰ
600 1896 738 1967 μηδὲ
760 1900 990 1965 καρδίας
1015 1894 1280 1965 δηκτήρια
1679 1904 1760 1946 23ἑ

296 1984 664 2053 ἐξιστορῆσαι,
691 1982 780 2036 σοὶ
802 1981 904 2051 μὲν
930 1985 1186 2051 εἰρῆσθαι
1210 1977 1368 2048 τάδε,

295 2064 435 2137 ἡμᾶς
464 2063 515 2120 δ’
545 2064 779 2120 ἀκοῦσαι
803 2064 932 2129 τοὺς
957 2067 1273 2137 ἐρωτῶντας
1306 2060 1501 2131 χρεῶν.

297 2148 486 2220 ἔξεστ’,
513 2149 714 2221 ἐρώτα·
746 2156 846 2204 τοῦ
869 2149 1072 2220 χρόνου
1095 2147 1200 2219 γὰρ
1225 2144 1292 2202 οὐ
1317 2151 1536 2217 φθονῶ.

298 2232 445 2290 οἷσθ’
474 2231 622 2306 ἡνίκ’
652 2227 821 2304 ῆλθες
838 2231 1001 2290 Ἰλίου
1026 2232 1383 2300 κατάσκοπος,

298 2324 624 2392 δυσχλαινία
647 2316 696 2373 τ’
725 2316 988 2390 ἄμορφος,
1017 2316 1274 2388 ὀμμάτων
1296 2312 1343 2370 τ’
1372 2313 1477 2370 ἄπο
1680 2325 1762 2367 240

300 2403 480 2473 φόνου
504 2406 804 2473 σταλαγμοὶ
827 2401 932 2474 σὴν
955 2404 1280 2468 κατέσταζον
1301 2401 1502 2469 γένυν;

299 2487 385 2542 οἶδ
393 2486 406 2506 ’
425 2506 436 2516 ·
471 2485 538 2542 οὐ
563 2486 667 2558 γὰρ
693 2485 862 2559 ἄκρας
886 2491 1116 2558 καρδίας
1142 2486 1352 2550 εψαυσέ
1371 2506 1496 2555 μου.

301 2578 441 2642 ἔγνω
467 2574 532 2627 δέ
551 2570 603 2627 σ’
627 2569 812 2642 Ἑλένη
841 2574 934 2626 καὶ
958 2570 1098 2643 μόνῃ
1124 2566 1335 2624 κατεῖπ’
1364 2571 1512 2639 ε’μοί;

298 2653 608 2726 μεμνήμεθ’
638 2659 690 2720 ἐς
713 2661 984 2711 κίνδυνον
1010 2654 1269 2717 ἐλθόντες
1292 2654 1480 2724 μέγαν.

301 2738 425 2809 ἥψω
451 2739 513 2794 δὲ
533 2740 783 2810 γονάτων
806 2746 917 2795 τῶν
943 2742 1089 2809 ε’μῶν
1112 2735 1367 2802 ταπεινὸς
1392 2735 1500 2802 ῶν;
1682 2745 1763 2787 245

304 2821 434 2878 ὥστ’
462 2826 724 2879 ε’νθανεῖν
747 2846 810 2896 γε
833 2837 949 2887 σοῖς
974 2824 1228 2878 πέπλοισι
1251 2821 1391 2893 χεῖρ’
1421 2819 1572 2891 ἐμήν.

1402 2897 1514 2950 10*
