2022 3126
92 508 202 556 XO.

92 1014 199 1063 ΘΕ.

718 102 1084 150 ΑΛΚΗΣΤΙΣ
1670 93 1741 148 ‘29
1822 72 1825 73 ⁷

273 247 376 320 τὴν
397 245 502 318 σὴν
525 241 785 317 πατρῴαν
807 243 1019 311 ἑστίαν,
1047 239 1281 295 ἀπεῖπον
1306 236 1391 293 ἄν.

276 330 429 403 ἡμεῖς
453 331 540 397 δέ,
568 325 703 382 τούν
728 326 892 381 ποσὶν
915 323 1019 396 γὰρ
1045 325 1257 380 οἰστέον
1280 323 1469 392 κακόν,

275 421 600 485 στείχωμεν,
629 408 700 474 ῶς
725 406 794 465 ἂν
819 412 878 464 ἐν
903 414 1054 482 πυρᾷ
1078 415 1270 479 θῶμεν
1295 406 1514 478 νεκρόν.
1660 420 1742 465 740

274 499 336 555 ἰῶ
362 499 442 554 ἰῶ.
491 501 708 567 σχετλία
733 494 959 565 τόλμης,

278 577 321 639 ῶ
345 588 576 654 γενναία
599 581 692 635 καὶ
714 576 824 650 μέγ’
855 576 1067 649 ἀρίστη,

275 680 456 739 χαῖρε·
492 666 765 738 πρόφρων
787 662 848 718 σὲ
873 663 1098 733 χθόνιός
1121 659 1176 715 θ’
1198 659 1393 732 Ερμῆς

264 750 452 822 Ἀιδης
476 773 534 805 τε
560 746 769 819 δέχοιτ’.
809 752 859 802 εἰ
880 748 945 802 δέ
964 770 1015 801 τι
1039 743 1201 801 κάκεῖ

277 838 446 892 πλέον
470 831 570 890 ἔστ’
599 831 849 904 ἀγαθοῖς,
877 828 1090 886 τούτων
1114 826 1392 901 μετέχουέ
1662 840 1744 884 745

266 919 458 976 ’Ἅιδου
483 919 676 990 νύμφῃ
702 915 1080 988 παρεδρεύοις.

277 1003 512 1069 πολλοὺς
537 1003 637 1075 μὲν
662 999 766 1072 ἤδη
791 998 933 1056 κάπὸ
961 1005 1223 1064 παντοίας
1248 997 1453 1069 χθονὸς

280 1092 471 1157 ξένους
495 1087 760 1159 μολόντας
785 1085 872 1141 οἶδ
879 1083 892 1103 ’
922 1088 974 1150 ἐς
992 1083 1263 1155 Ἀδμήτου
1291 1082 1522 1154 δόμους,

279 1171 359 1239 οἷς
384 1179 580 1230 δεῖπνα
605 1168 876 1241 προύθηκ’
899 1189 910 1198 ·
938 1167 1076 1224 ἀλλὰ
1100 1165 1254 1224 τοῦδ’
1286 1165 1442 1222 οὔπω
1468 1168 1627 1233 ξένου

278 1256 482 1315 κακίον’
514 1264 589 1322 εἰς
612 1254 764 1327 τήνδ’
797 1258 981 1311 ἑστίαν
1006 1253 1288 1325 ἐδεξάμην.
1665 1261 1746 1305 750

279 1342 338 1409 ὃς
362 1349 550 1416 πρῶτα
574 1342 675 1413 μὲν
699 1345 1018 1396 πενθοῦντα
1044 1339 1315 1409 δεσπότην
1342 1334 1489 1409 ὁρῶν

281 1434 504 1500 εἰσῆλθε
528 1424 824 1496 κάτόλμησ’
857 1423 1199 1496 ἀμείψασθαι
1217 1421 1409 1486 πύλας.

282 1520 466 1569 ἔπειτα
492 1510 542 1567 δ’
575 1508 695 1566 οὔτι
719 1510 1024 1580 σωφρόνως
1049 1510 1266 1574 ἐδέξατο

283 1598 346 1653 τὰ
372 1595 749 1669 προστυχόντα
773 1598 947 1663 ξένια,
977 1592 1272 1664 συμφορὰν
1295 1589 1512 1662 μαθών,

282 1680 392 1737 ἀλλ’
425 1690 546 1737 εἴτι
570 1680 642 1752 μὴ
668 1683 960 1751 φέροιμεν,
987 1675 1237 1749 ὤτρυνεν
1262 1677 1472 1747 φέρειν.
1666 1685 1747 1730 755

283 1772 494 1838 ποτῆρα
519 1764 572 1821 δ’
603 1769 662 1820 ἐν
687 1771 926 1836 χείρεσσι
952 1769 1201 1818 κίσσινον
1225 1758 1410 1832 λαβὼν

281 1857 428 1907 πίνει
453 1856 714 1922 μελαίνης
738 1848 938 1921 μητρὸς
964 1846 1204 1918 εὔζωρον
1227 1847 1392 1916 μέθυ,

282 1940 383 2002 ἕως
407 1932 659 2007 ἐθέρμην’
690 1932 863 1989 αὐτὸν
889 1932 1174 2004 ἀμφιβᾶσα
1200 1929 1337 2002 φλὸξ

288 2030 444 2077 οἴνου
461 2040 471 2050 ·
499 2022 688 2091 στέφει
713 2020 773 2075 δὲ
797 2025 969 2089 κρᾶτα
996 2023 1268 2089 μυρσίνης
1294 2014 1514 2078 κλάδοις

285 2104 481 2177 ἅμουσ’
512 2102 793 2160 ὑλακτῶν·
822 2102 984 2159 δισσὰ
1009 2101 1062 2158 δ’
1092 2095 1162 2173 ἦν
1187 2102 1320 2172 μέλη
1347 2098 1539 2154 κλύειν
1556 2115 1566 2125 “
1668 2108 1750 2152 760

286 2185 314 2245 ὃ
340 2190 441 2262 μὲν
466 2189 569 2261 γὰρ
598 2183 722 2262 ᾖδε,
749 2195 859 2244 τῶν
884 2192 944 2244 ἐν
961 2185 1233 2259 Ἀδμήτου
1259 2190 1446 2240 κακῶν

287 2273 454 2331 οὐδὲν
478 2280 789 2346 προτιμῶν,
816 2276 1019 2330 οἰκέται
1046 2270 1096 2328 δ’
1127 2275 1416 2340 ἐκλαίομεν

288 2361 614 2421 δέσποιναν·
643 2357 788 2430 ὄμμα
811 2357 860 2414 δ’
890 2356 992 2414 οὐκ
1018 2361 1342 2426 ἐδείκνυμεν
1367 2356 1503 2427 ξένω

288 2441 876 2516 τε’γγοντες”Ἀδμητος
901 2442 1004 2514 γὰρ
1031 2435 1128 2497 ῶδ’
1160 2445 1363 2512 ἐφίετο.

286 2531 378 2584 καὶ
402 2536 510 2585 νῦν
536 2527 640 2600 ἐγώ
665 2529 766 2600 μὲν
791 2531 850 2583 ἐν
876 2525 1130 2598 δόμοισιν
1155 2529 1312 2581 ἑστιῶ
1672 2528 1753 2572 765

291 2616 477 2684 ξένον,
506 2620 828 2684 πανοῦργον
851 2618 1043 2668 κλῶπα
1066 2613 1157 2666 καὶ
1181 2609 1386 2683 λῃστήν
1410 2630 1549 2676 τινα,

295 2697 324 2769 ἦ
350 2697 404 2753 δ’
436 2702 494 2754 ἐκ
520 2699 707 2769 δόμων
732 2699 996 2770 βέβηκεν,
1022 2694 1146 2752 οὐδ’
1178 2692 1498 2766 ἐφεσπόμην

291 2779 414 2836 οὐδ’
445 2785 681 2848 ἐξέτεινα
704 2779 854 2853 χεῖρ’,
882 2780 1207 2852 ἀποιμῶζων
1232 2777 1367 2850 ἐμὴν

296 2868 620 2936 δέσποιναν,
645 2863 810 2937 ἣ’μοὶ
833 2872 971 2921 πᾶσί
988 2863 1027 2920 τ’
1056 2867 1352 2920 οἰκέταισιν
1377 2853 1445 2929 ἦν
