2022 3126
688 114 1129 160 HPAKAEIAAI
1633 108 1734 159 293

277 252 435 324 δεῦρ’
465 246 645 324 ἦλθον
668 248 703 321 ἢ
727 255 997 306 κίνδυνον
1021 253 1073 315 ἐξ
1098 247 1392 320 ἀμηχάνων

272 341 555 405 ῥίπτοντες
575 375 590 404 ,
653 332 750 390 εἴτ’
780 327 883 389 οὖν
908 342 1015 388 εἴτε
1039 333 1110 403 μὴ
1136 330 1446 404 γενήσεται·

273 421 340 478 οὐ
367 421 470 493 γὰρ
500 420 748 493 φρενήρη
773 416 827 489 γ’
856 414 989 474 όντα
1012 416 1063 472 σ’
1094 421 1375 484 ἐλπίζουσί
1395 440 1505 473 που
1658 432 1736 472 150

273 507 446 578 μόνον
469 504 734 574 τοσαύτης
757 500 827 574 ἣν
852 505 1097 572 ἐπῆλθον
1115 499 1369 566 Ἑλλάδος

272 591 365 655 τὰς
390 587 555 645 τῶνδ’
586 586 861 659 ἀβούλους
883 584 1168 657 συμφορὰς
1192 598 1520 641 κατοικτιεῖν
1536 604 1546 613 ·

275 673 400 746 φέρ’
430 672 654 738 ἀντίθες
678 673 810 744 γάρ,
839 670 1036 727 τούσδε
1063 667 1113 724 τ’
1144 675 1219 734 εἰς
1244 683 1407 741 γαῖαν
1431 672 1621 739 παρεὶς

274 757 410 830 ἡμᾶς
433 755 481 813 τ’
510 755 671 821 ἐάσας
694 756 934 827 ἐξάγειν,
960 761 1018 809 τί
1039 759 1354 824 κερδανεῑς;

273 842 338 898 τὰ
362 844 463 913 μὲν
489 839 617 913 παρ’
646 838 802 913 ἡμῶν
829 839 983 894 τοιάδ
991 837 1004 856 ’
1035 846 1147 894 ἔστι
1172 857 1257 893 σοι
1282 846 1488 909 λαβεῖν,
1661 854 1737 893 155

260 925 499 998 ’Ἀργους
521 925 753 996 τοσήνδε
774 938 929 996 χεῖρα
959 924 1060 994 τήν
1083 920 1122 978 τ’
1148 920 1492 994 Εὐρυσθέως

275 1010 434 1082 ἰσχὺν
458 1008 675 1065 ἅπασαν
699 1013 830 1082 τῇδε
853 1010 1203 1079 προσθέσθαι
1228 1008 1401 1063 πόλει.

273 1092 343 1166 ἢν
367 1092 420 1150 δ’
450 1100 525 1160 εἰς
561 1094 725 1163 γόους
755 1117 812 1149 τε
843 1096 935 1149 καὶ
966 1090 1034 1147 τὰ
1055 1089 1224 1147 τῶνδ’
1253 1098 1569 1162 οἰκτίσματα

273 1182 477 1250 βλέψας
500 1184 805 1250 πεπανθῇς,
833 1183 908 1242 είς
932 1177 1112 1247 πάλην
1135 1182 1461 1232 καθίσταται
1622 1239 1625 1242 .

277 1263 440 1333 δορὸς
462 1262 522 1318 τὸ
550 1267 794 1333 πρᾶγμα·
821 1261 893 1332 μὴ
920 1260 1023 1332 γὰρ
1052 1258 1123 1325 ῶς
1147 1260 1462 1331 μεθήσομεν
1659 1275 1738 1316 160

276 1347 436 1419 δόξῃς
461 1346 649 1418 ἀγῶνα
675 1345 825 1402 τόνδ’
853 1344 980 1416 ἄτερ
1005 1351 1360 1416 χαλυβδικοῦ.

275 1439 331 1488 τί
351 1437 485 1503 δῆτα
511 1432 730 1503 φήσεις,
759 1444 888 1487 ποῖα
915 1427 1063 1486 πεδί’
1092 1427 1443 1501 ἀφαιρεθείς,

273 1521 331 1570 τί
357 1517 677 1585 ῥυσιασθεὶς
708 1515 946 1587 πόλεμον
969 1513 1234 1586 Ἀργείοις
1265 1522 1424 1587 ἔχειν,

280 1604 454 1663 ποίοις
486 1597 538 1653 δ’
573 1598 804 1670 ἀμύνων
834 1598 1164 1670 συμμάχοις;
1200 1599 1367 1671 [τίνος
1399 1597 1452 1654 δ’
1484 1599 1625 1670 ὕπερ

276 1681 474 1746 θαψεις
503 1681 736 1752 νεκρούς
767 1681 1060 1748 πεσόντας;
1090 1676 1144 1754 ἦ]
1176 1682 1349 1737 κακὸν
1378 1681 1545 1752 λόγον
1673 1696 1748 1737 165

278 1764 459 1835 κτήσει
488 1764 625 1837 πρὸς
657 1764 857 1834 ἀστῶν,
889 1770 942 1820 εἰ
966 1767 1222 1836 γέροντος
1253 1769 1434 1821 εἵνεκα

278 1846 493 1918 τύμβου
522 1847 582 1903 τὸ
607 1850 780 1920 μηδὲν
804 1847 986 1920 ὄντος,
1015 1848 1086 1914 ῶς
1112 1856 1286 1907 εἰπεῖν
1311 1857 1453 1920 ἔπος,

279 1936 495 1987 παίδων
516 1956 574 1988 τε
597 1931 763 1988 τῶνδ’
793 1940 868 1999 είς
892 1931 1094 1990 ἄντλον
1117 1936 1339 2007 ἐμβήσει
1365 1935 1523 1991 πόδα.

279 2018 420 2084 ἐρεῖς
448 2014 507 2071 τὸ
533 2023 745 2091 λῷστον
769 2016 947 2074 ἐλπίδ’
977 2017 1234 2091 εὑρήσειν
1256 2020 1445 2091 μόνον-

279 2102 372 2155 καὶ
395 2107 555 2157 τοῦτο
579 2109 762 2177 πολλῶ
785 2109 884 2158 τοῦ
907 2101 1176 2174 παρόντος
1201 2107 1382 2169 ἐνδεές
1398 2123 1408 2132 ·
1659 2119 1741 2163 170

277 2190 459 2249 κακῶς
482 2185 588 2287 γὰρ
613 2183 942 2257 Ἀργείοισιν
965 2187 1074 2245 οἵδ’
1104 2186 1437 2260 ὠπλισμένοι

279 2267 526 2339 μαχοιυτ’
555 2266 623 2325 ἂν
647 2268 976 2343 ἡβήσαντες,
1006 2282 1130 2329 εἴτι
1157 2274 1320 2329 τοῦτό
1342 2291 1402 2328 σε

278 2352 462 2423 ψυχήν
485 2356 726 2425 ἐπαί,ρει
751 2352 887 2425 χοῦν
912 2360 1057 2432 μέσῳ
1083 2356 1256 2422 πολὺς
1277 2358 1489 2429 χρόνος,

279 2439 338 2491 ἐν
364 2439 405 2492 ῶ
431 2437 804 2509 διεργασθεῑτ’
833 2465 917 2495 αν.
945 2441 1067 2497 αλλ’
1098 2443 1216 2542 ἐμοι
1243 2448 1443 2498 πιθοῦ

276 2520 408 2586 δοὺς
432 2525 631 2593 μηδέν,
658 2521 796 2579 ἄλλα
817 2523 941 2596 ταμ’
970 2530 1076 2581 ἐῶν
1103 2524 1259 2596 ἄγειν
1283 2527 1375 2597 ἐμε
1658 2538 1737 2584 175

278 2612 472 2676 κτῆσαι
494 2608 795 2678 Μυκήνας,
821 2615 932 2681 μηδ
941 2609 954 2629 ’
981 2608 1116 2679 ὅπερ
1143 2618 1351 2680 φιλεῖτε
1375 2614 1517 2680 δρᾶν

276 2689 460 2762 πάθῃς
482 2689 552 2746 σὺ
577 2698 764 2763 τοῦτο,
789 2692 919 2759 τοὺς
942 2691 1232 2765 ἀμείνονας
1255 2696 1435 2767 παρὸν

280 2779 478 2843 φίλους
502 2776 723 2831 ἑλέσθαι
738 2819 752 2847 ,
777 2777 907 2844 τοὺς
930 2785 1190 2844 κακίονας
1213 2780 1399 2854 λάβῃς.
