2022 3126
778 85 1036 132 BAKXAI
1631 88 1731 139 113

274 228 384 296 ὁρῶ
412 226 472 282 δὲ
496 226 729 289 θιάσους
751 235 895 294 τρεῖς
922 229 1259 292 γυναικείων
1279 231 1476 296 χορῶν,
1650 244 1733 288 680

274 333 354 365 ων
376 303 490 382 ἦρχ’
520 307 642 373 ἑνὸς
664 309 766 378 μὲν
787 304 1043 376 Αὐτονόη
1058 349 1072 375 ,
1098 313 1197 361 τοῦ
1222 311 1487 379 δευτέρου

275 396 450 467 μήτηρ
468 392 671 464 Ἀγαύη
697 391 791 462 σή,
819 397 1004 462 τρίτου
1029 387 1082 445 δ’
1106 387 1222 446 Ἰνω
1246 398 1433 463 χοροῦ.

271 471 445 549 ηὗδον
470 478 531 533 δὲ
554 483 722 532 πᾶσαι
746 475 995 545 σώμασιν
1022 479 1363 546 παρειμέναι,

275 559 332 618 αἳ
352 562 455 632 μὲν
478 560 616 632 πρὸς
643 561 831 630 ἐλάτης
854 556 977 614 νῶτ’
1005 562 1282 630 ἐρείσασαι
1308 560 1508 632 φόβην,

276 643 333 702 αἳ
357 651 390 702 δ
397 643 411 663 '
438 649 498 701 ἐν
523 644 692 717 δρυὸς
717 644 976 715 φύλλοισι
1007 642 1145 715 πρὸς
1168 647 1318 718 πέδω
1342 645 1483 717 κάρα
1651 664 1734 706 685

275 737 393 804 εἰκῇ
417 736 686 800 βαλοῦσαι
710 728 1043 799 σωφρόνως,
1070 725 1171 798 οὐχ
1196 726 1268 793 ὧς
1289 728 1360 783 σὺ
1389 729 1495 801 φὴς

278 816 568 888 ᾠνωμένας
599 820 831 885 κρατῆρι
854 816 946 868 καὶ
970 818 1152 867 λωτοῦ
1179 813 1346 887 ψόφῳ

277 904 463 972 θηρᾶν
492 895 615 953 καθ’
644 895 786 970 ὕλην
810 897 1037 969 Κύπριν
1068 896 1439 967 ἠνεμωμένας.

275 981 308 1054 ἡ
334 983 401 1054 σὴ
426 984 487 1038 δὲ
509 983 683 1054 μήτηρ
709 981 984 1047 ὠλόλυξεν
1008 984 1068 1036 ἐν
1092 984 1281 1051 μέσαις

275 1076 541 1123 σταθεῖσα
563 1068 824 1138 Βάκχαις,
852 1071 902 1133 ἐξ
928 1063 1110 1121 ῦπνου
1135 1078 1313 1121 κινεῖν
1337 1069 1518 1138 δέμας,
1652 1084 1736 1127 690

275 1148 554 1222 μυκήμαθ’
583 1148 655 1215 (ὃς
678 1149 881 1222 ἤκουσε
912 1150 1237 1222 κεροφόρων
1261 1157 1428 1221 βοῶν.

272 1232 328 1292 αἳ
354 1241 387 1291 δ
394 1234 407 1253 '
437 1233 816 1306 ἀποβαλοῦσαι
841 1233 1087 1306 θαλερὸν
1113 1232 1372 1305 ὀμμάτων
1397 1233 1577 1292 ὕπνον

274 1319 482 1392 ἀνῇξαν
507 1318 702 1390 ὀρθαί,
731 1318 897 1391 θαῦμ’
927 1325 1068 1375 ἰδεῖν
1095 1318 1404 1389 εὐκοσμίας,

275 1407 394 1460 νέαι
419 1407 645 1460 παλαιαὶ
669 1408 944 1475 παρθένοι
971 1401 1010 1458 τ’
1045 1400 1111 1458 ἔτ’
1139 1400 1348 1474 ἄζυγες.

278 1491 370 1543 καὶ
394 1495 582 1560 πρῶτα
607 1489 708 1560 μὲν
732 1498 1003 1544 καθεῖσαν
1028 1493 1104 1551 είς
1129 1484 1312 1557 ὤμους
1335 1488 1505 1558 κόμας
1649 1504 1734 1548 695

275 1577 536 1645 νεβρίδας
560 1570 599 1627 τ’
627 1570 1002 1628 ἀνεστείλανθ’
1032 1569 1248 1627 ὅσαισιν
1272 1570 1534 1643 ἁμμάτων

275 1655 530 1727 σύνδεσμ’
559 1660 805 1728 ἐλέλυτο,
832 1660 924 1713 καὶ
946 1663 1338 1721 καταστίκτους
1363 1655 1529 1727 δορὰς

273 1739 434 1844 ὄφεσι
466 1742 834 1809 κατεζώσαντο
859 1747 1122 1812 λιχμῶσιν
1146 1743 1330 1811 γένυν.
1347 1777 1357 1781 -

275 1821 331 1880 αὶ
356 1822 409 1880 δ’
441 1823 731 1895 αγκάλαισι
757 1823 982 1897 δορκάδ’
1010 1849 1044 1896 η
1075 1826 1354 1895 σκύμνους
1377 1825 1566 1881 λύκων

275 1906 505 1980 ἀγρίους
531 1916 752 1981 ἔχουσαι
778 1910 979 1966 λευκὸν
1006 1913 1263 1965 ἐδίδοσαν
1288 1909 1445 1980 γάλα,
1650 1925 1733 1968 700

275 2011 428 2058 οσαις
451 1995 726 2059 νεοτόκοις
748 1994 948 2066 μαστὸς
972 1987 1043 2065 ῆν
1067 2013 1332 2066 σπαργων
1357 2000 1434 2048 ἔτι

275 2081 454 2150 βρέφη
479 2080 792 2144 λιπούσαις·
821 2081 910 2135 ἐπὶ
935 2077 986 2134 δ’
1020 2085 1214 2134 ἔθεντο
1238 2085 1523 2144 κισσίνους

276 2163 586 2234 στεφάνους
615 2164 783 2236 δρυός
805 2187 863 2219 τε
890 2163 1115 2235 μίλακός
1138 2160 1178 2218 τ’
1207 2159 1586 2236 ἀνθεσφόρου.

274 2247 491 2318 θύρσον
516 2252 581 2303 δέ
600 2272 679 2313 τις
702 2248 932 2319 λαβοῦσ’
968 2254 1193 2304 ἔπαισεν
1218 2253 1294 2311 είς
1317 2249 1540 2318 πέτραν,

276 2327 415 2386 ὅθεν
439 2333 722 2403 δροσώδης
744 2330 947 2398 ὕδατος
973 2336 1183 2405 ἐκπηδᾷ
1206 2339 1380 2395 νοτίς·
1650 2335 1742 2389 705'

278 2411 414 2487 ἄλλη
439 2417 500 2471 δὲ
523 2415 754 2489 νάρθηκ’
783 2424 859 2482 εἰς
883 2420 1052 2473 πέδον
1075 2422 1289 2486 καθῆκε
1315 2421 1431 2488 γῆς,

275 2502 368 2555 καὶ
391 2506 520 2573 τῇδε
544 2501 756 2572 κρήνην
780 2500 987 2573 ἐξανῆκ’
1012 2511 1170 2557 οἴνου
1193 2501 1350 2565 θεός·

274 2580 426 2649 ὅσαις
451 2586 512 2640 δὲ
534 2593 739 2642 λευκοῦ
764 2587 1016 2659 πώματος
1041 2585 1217 2649 πόθος
1241 2589 1440 2657 παρῆν,

275 2666 491 2738 ἄκροισι
520 2671 839 2727 δακτύλοισι
865 2676 1136 2742 διαμῶσαι
1158 2669 1338 2740 χθόνα

271 2752 540 2823 γάλακτος
564 2754 762 2826 ἑσμοὺς
786 2756 954 2827 εἶχον·
988 2759 1047 2810 ἐκ
1073 2755 1135 2810 δὲ
1157 2761 1423 2810 κισσίνων
1647 2764 1728 2807 710

274 2836 507 2907 θύρσων
530 2846 781 2909 γλυκεῖαι
805 2843 1018 2910 μέλιτος
1043 2844 1262 2906 ἔσταζον
1286 2841 1424 2908 ῥοαί.

148 2933 298 2965 eva.
317 2935 418 2965 v01..
446 2923 480 2965 Ι.
1420 2916 1458 2969 8
