2022 3126
196 105 306 147 VIII
568 104 771 146 ΓΕΝΟΣ
802 104 1151 147 ΕΤΡΙΠῙΔΟΤ
1180 105 1284 147 ΚΑΙ
1312 105 1459 149 ΒῙΟΣ

299 225 575 295 Εὐριπίδης
615 230 978 295 Μνησαρχίδου
999 227 1282 294 Ἀθηναῖος.
1333 239 1506 281 τοῦτον
1537 231 1590 280 οἷ
1617 237 1705 295 τῆς
1737 248 1826 293 αρ-

195 299 336 363 χαίας
377 299 661 383 κωμῳδίας
682 299 878 363 ποιηταὶ
924 297 991 359 ὥς
1031 301 1426 383 λαχανοπαίλιδος
1470 298 1826 368 ε’κκωμῳδοῦσι.

195 366 431 434 γενέσθαι
462 368 519 418 δὲ
551 388 643 418 κατ
703 368 853 432 ἀρχὰς
885 366 977 432 μὲν
1009 370 1164 418 αυτόν
1189 386 1312 432 φασι
1344 370 1626 435 ζωγράφον,
1654 369 1827 433 σχολά·

197 452 352 488 σαντα
376 436 433 488 δὲ
454 434 691 505 Ἀρχελάῳ
715 446 782 506 τῷ
809 445 1006 505 φυσικῷ
1031 438 1113 487 καὶ
1133 436 1433 505 Ἀναξαγόρᾳ
1461 438 1541 489 ἐπὶ
1563 439 1830 506 τραγῳδίας

115 523 173 554 115
198 505 427 573 ὁρμῆσαι.
485 506 610 557 σθεν
643 507 726 556 καὶ
747 490 909 556 πλέον
943 526 988 555 τι
1021 508 1279 588 φρονήσας
1321 509 1517 567 εἰκότως
1558 510 1832 573 περιίστατο

197 585 296 627 τῶν
320 582 512 627 πολλῶν
537 575 772 641 οὐδεμίαν
792 577 1073 640 φιλοτιμίαν
1097 577 1206 641 περὶ
1232 569 1288 626 τα
1313 577 1501 641 θέατρα
1526 578 1829 641 ποιούμενος.

198 646 275 697 διὸ
309 655 542 696 τοσοῦτον
575 646 730 696 αυτὸν
765 646 973 733 ἔβλαπτε
1009 654 1151 696 τοῦτο
1185 645 1303 695 ὅσον
1339 645 1515 707 ωφέλει
1547 647 1635 695 τὸν
1667 650 1828 708 Σοφο·

197 715 328 766 κλέα.
378 715 620 766 ἐπέκειντο
646 716 700 765 δὲ
725 715 808 765 καὶ
833 718 880 765 οἱ
900 734 1102 779 κωμικοι
1122 716 1302 783 φθόνω
1328 712 1480 765 αὐτὸν
1505 715 1831 781 διασύροντες.

197 785 446 852 ὑπεριδών
483 785 536 834 δὲ
573 785 734 835 πάντα
783 787 850 844 εἰς
888 785 1192 845 Μακεδόνας
1229 783 1388 851 ἀπῆρε
1425 784 1547 848 πρὸς
1577 783 1835 850 Ἀρχέλαον
1919 825 1929 835 .

118 872 177 903 120
200 856 283 907 τὸν
308 855 532 938 βασιλέα,
566 853 832 904 κάνταῦθα
866 852 1149 919 ὀψιαίτερον
1186 853 1418 905 ἀναλύων
1442 849 1540 904 ὑπὸ
1563 857 1836 930 βασιλικῶν

118 1221 176 1252 125

122 1570 179 1602 130

198 925 395 991 ἐφθάρη
421 933 605 975 κυνῶν.
633 926 811 989 ἤρξατο
837 922 891 974 δὲ
917 925 1169 974 διδάσκειν
1189 945 1310 974 κατα
1337 924 1427 989 τὴν
1450 922 1533 974 ‘fta'
1555 922 1835 989 ὁλυμπιαδα

199 995 278 1046 ἐπὶ
309 995 544 1060 α’ρχοντος
572 997 798 1044 Καλλίου.
851 996 1095 1058 πλάσματι
1129 994 1181 1043 δὲ
1205 994 1335 1063 μέσῳ
1368 994 1683 1080 χρησάμενος
1699 1013 1833 1059 περι-

199 1066 365 1133 γέγονε
391 1067 447 1133 τῇ
480 1064 706 1133 ἑρμηνεία
740 1065 905 1129 α’κρως
934 1066 1002 1123 εἰς
1028 1063 1304 1130 ἀμφότερον
1329 1065 1572 1130 χρώμενος
1598 1070 1704 1123 ταῖς
1731 1064 1834 1113 ἐπι-

199 1136 455 1201 χειρησεσι.
493 1134 577 1184 καὶ
601 1141 698 1194 τοῖς
718 1156 774 1199 με
757 1134 913 1184 έλεσίν
939 1150 1070 1184 εστιν
1093 1136 1328 1200 ἀμίμητος
1353 1135 1835 1216 παραγκωνιζόμενος

202 1207 314 1266 τοὺς
349 1198 632 1271 μελοποιους
669 1220 749 1269 σχε
731 1204 844 1254 εδὸν
877 1221 1090 1264 παντας·
1132 1204 1185 1254 ἐν
1219 1203 1273 1254 δὲ
1307 1211 1406 1264 τοῖς
1445 1200 1717 1270 αμοιβαίοις
1748 1223 1835 1254 πε-

202 1276 366 1343 ρισσὸς
392 1275 475 1325 καὶ
500 1276 744 1341 φορτικός,
771 1270 854 1324 καὶ
881 1273 934 1323 ἐν
960 1280 1059 1334 τοίς
1085 1275 1340 1340 προλόγοις
1367 1273 1421 1324 δὲ
1447 1273 1665 1340 ὀχληρός,
1692 1293 1834 1340 ρητο·

202 1346 463 1436 ρικώτατος
512 1344 566 1394 δὲ
606 1354 663 1413 τῇ
715 1346 992 1412 κατασκευῇ
1040 1344 1123 1394 καὶ
1169 1346 1386 1404 ποικίλος
1428 1346 1503 1432 13}-
1527 1345 1707 1420 φρασει
1752 1343 1835 1393 καὶ

203 1416 369 1476 ἱκανὸς
396 1415 736 1465 άνασκευάσαι
761 1414 817 1463 τὰ
839 1416 1001 1479 εἱρημε
981 1413 1080 1464 ἕνα.
1119 1435 1176 1463 τα
1202 1414 1365 1464 πάντα
1391 1412 1440 1463 δ’
1469 1418 1535 1479 ἠν
1559 1422 1694 1482 αυτῷ
1719 1413 1834 1477 δρά-

201 1507 327 1551 ματα
361 1483 442 1549 Ῠη.
495 1486 696 1545 σωζεται
721 1483 775 1534 δὲ
801 1492 957 1534 αὐτοῦ
983 1485 1203 1549 δραματα
1231 1486 1303 1545 ξζ’
1329 1484 1413 1533 καὶ
1436 1484 1478 1550 γ’
1503 1484 1626 1550 πρὸς
1651 1484 1836 1543 τούτοις

204 1556 260 1606 τὰ
286 1554 654 1621 ἆντιλεγόμενα·
683 1554 920 1619 σατυρικα
956 1552 1010 1603 δὲ
1035 1555 1095 1619 η’.
1146 1551 1443 1620 ἀντιλέγεται
1468 1551 1522 1603 δὲ
1546 1554 1629 1603 καὶ
1653 1554 1839 1603 τούτων

206 1627 255 1676 τὸ
286 1627 348 1675 α’.
399 1627 540 1684 νίκας
568 1623 622 1674 δὲ
648 1624 756 1689 ἔσχε
783 1625 836 1675 ε’.

308 1864 489 1913 Fontes
525 1864 673 1912 huius
709 1864 836 1911 vitae
861 1860 959 1911 'non
997 1860 1235 1910 habemus
1272 1861 1369 1909 nisi
1396 1860 1659 1910 deterioris
1695 1869 1838 1910 notae,

205 1935 413 1990 codices,
444 1948 651 1996 quorum
677 1947 934 1982 recensum
959 1932 1091 1980 dedit
1105 1931 1453 1980 Kirchhoffius.
1494 1934 1671 1980 ceteris
1694 1947 1836 1995 prae·

207 2012 336 2054 stant
381 2003 735 2053 Ambrosianus
781 2006 819 2052 A
867 2004 965 2052 104
1013 2009 1061 2050 et
1108 2002 1368 2050 Vaticanus
1421 2004 1577 2058 1345,
1629 2017 1838 2065 quorum

206 2077 344 2139 prior
385 2075 452 2137 (A)
494 2089 560 2123 vs.
605 2075 790 2122 1—43
830 2074 1070 2127 continet,
1122 2071 1247 2120 alter
1288 2070 1357 2134 (B)
1397 2087 1463 2120 vs.
1503 2073 1699 2126 1—43,
1741 2074 1837 2119 111

209 2147 394 2198 -131,
433 2145 654 2198 44-60,
694 2145 950 2192 89-110.
1009 2156 1177 2190 versus
1208 2144 1412 2190 61—88
1452 2148 1616 2190 extant
1646 2143 1697 2190 in
1725 2139 1839 2189 vin-

207 2214 322 2263 dob.
350 2216 447 2262 119
490 2213 577 2276 (F),
621 2215 706 2278 quj
745 2212 822 2260 his
858 2213 1129 2276 praemittit
1165 2226 1233 2259 vs.
1267 2213 1434 2260 1-43
1462 2226 1560 2259 non
1586 2210 1735 2259 nullis
1769 2218 1840 2259 ta·

208 2300 321 2333 men
362 2285 578 2339 omissis,
620 2282 800 2331 subicit
835 2297 902 2330 vs.
947 2284 1237 2331 106—110.
1296 2282 1651 2342 discrepantias
1687 2279 1840 2329 libro-

209 2369 321 2404 rum
358 2356 607 2416 graviores
634 2352 854 2401 attulisse
882 2354 1000 2400 satis
1039 2350 1206 2400 habui.
1258 2366 1323 2400 VS.
1353 2354 1380 2398 1
1421 2349 1761 2414 Μνηστοῖρχου
1787 2352 1841 2406 Α,

211 2464 573 2528 ΒΙνησαρχίδου
600 2464 654 2513 Β.
697 2467 724 2512 2
753 2465 977 2521 Κλυτοῦς
1004 2465 1059 2514 Α.
1087 2465 1117 2512 3
1145 2460 1387 2526 Καλλίου]
1413 2463 1600 2510 rectius
1625 2459 1843 2510 Καλλιά-

211 2536 330 2598 δου,
377 2535 504 2600 quod
554 2535 799 2583 Meursius
845 2533 925 2581 hic
964 2540 1012 2581 et
1058 2535 1108 2580 in
1149 2532 1286 2594 Diog.
1326 2531 1379 2580 L.
1420 2533 1476 2590 2,
1520 2534 1547 2579 7
1588 2533 1731 2580 iussit
1765 2546 1843 2579 re-

213 2607 366 2656 stitui.
431 2606 458 2652 5
497 2599 554 2670 ἦ]
583 2602 666 2651 καὶ
702 2601 882 2652 malim.
948 2605 979 2651 8
1016 2600 1225 2660 πολλοὺς
1262 2601 1405 2656 libri,
1443 2599 1596 2648 πολλὰ
1635 2601 1845 2649 Thomas

212 2677 275 2725 M.
316 2672 491 2737 λόγους
529 2673 625 2728 ΑΒ,
666 2670 938 2736 προλόγους
981 2671 1081 2723 alii
1147 2673 1209 2719 12
1249 2667 1650 2733 πεποιηκέναιΒ.
1718 2672 1781 2718 13
1819 2666 1845 2717 ὁ

213 2743 533 2807 Μνησίλοχος
559 2739 608 2790 δ’
639 2740 844 2791 ἐκεινοσὶ
876 2741 1149 2791 Meinekius
1186 2741 1321 2791 Com.
1351 2742 1380 2788 2
1407 2756 1455 2804 p.
1483 2742 1601 2795 372,
1641 2739 1845 2802 Μνησί-

214 2813 353 2876 λοχός
391 2808 486 2860 ἐστ’
519 2809 720 2874 ἐκεῖνος,
759 2808 812 2869 ὃς
851 2810 1146 2859 Dindorfius.
1169 2808 1428 2893 φρυγικόν
1449 2811 1570 2865 τιΑ,
1611 2807 1848 2873 φρύγειίν

216 2903 259 2933 τι
285 2885 335 2939 Β,
376 2881 553 2947 φρύγει
577 2900 621 2930 τι
646 2880 938 2929 Dindorfius.
1007 2883 1070 2928 14
1107 2874 1357 2945 Ευριπίδῃ
1383 2881 1435 2928 Α.
1475 2878 1558 2927 καὶ
1582 2878 1849 2943 Σωκρατης
