2022 3126
776 109 1109 154 ΙΚΕΤΙΔΕΣ
1666 99 1763 149 373

299 243 479 302 ἔτεκες
501 239 594 292 καὶ
619 238 691 292 σύ
713 236 855 307 ποτ’,
883 231 927 292 ὦ
951 241 1173 310 πότνια,
1204 246 1412 312 κοῦρον
1565 260 1678 311 στρ.

301 328 436 393 φίλα
462 325 802 392 ποιησαμένα
1710 341 1763 381 55

299 408 495 475 λέκτρα
518 406 675 461 πόσει
700 412 777 482 σῷ
794 425 804 434 ·
831 408 962 477 με’τα
985 430 1094 462 νυν

300 490 394 554 δὸς
420 492 536 560 ἐμοὶ
562 496 659 554 σᾶς
688 495 949 561 διανοίας,

300 574 530 645 μετάδος
555 579 588 629 δ
595 572 629 643 ’,
658 572 824 631 ὅσσον
850 579 1065 646 ἐπαλγῶ
1091 580 1258 646 μελέα

299 665 410 713 τῶν
433 661 726 729 φθιμένων
750 656 846 724 οὓς
872 666 1082 715 ἔτεκον·

299 743 640 812 παράπεισον
665 748 698 799 δ
702 744 726 799 ὲ
746 740 805 798 τὸ
830 744 950 816 σόν,
967 744 1265 815 λισσόμεθ’,
1287 748 1474 802 ἐλθεῖν
1710 761 1766 803 60

299 830 494 882 τέκνον
512 825 760 899 Ἰσμηνὸν
789 831 925 898 ἐμάν
951 826 1000 882 τ’
1031 834 1106 893 εἰς
1130 831 1261 900 χέρα
1286 839 1471 886 θεῖναι

299 911 518 967 νεκύων
541 911 787 983 θαλερὸν
812 920 966 983 σῶμα
990 919 1249 978 ταλαίνας
1275 912 1517 985 ἀτάφων.

299 994 461 1061 ὁσίως
487 994 612 1067 οὔχ,
638 994 736 1052 ὑπ’
764 994 1003 1068 ἀνάγκας
1028 997 1089 1053 δὲ
1112 1004 1456 1068 προπίπτου-
1566 997 1679 1055 ἀντ.

298 1100 365 1136 σα
390 1079 745 1151 προσαιτοῦσ’
774 1087 970 1152 ἔμολον

302 1165 632 1237 δεξιπύρους
654 1172 807 1222 θεῶν
830 1168 1100 1237 θυμέλας·

299 1255 491 1320 ἔχομεν
516 1247 568 1305 δ’
598 1256 811 1306 ἔνδικα·
838 1253 930 1306 καὶ
954 1257 1046 1306 σοί
1710 1267 1766 1312 65

298 1357 348 1388 τι
373 1334 600 1405 πάρεστι
628 1338 826 1401 σθένος
852 1333 980 1390 ὥστ’
1012 1333 1267 1410 εὐτεκνίᾳ

301 1424 604 1490 δυστυχίαν
628 1419 728 1475 τὰν
751 1418 883 1491 παρ’
914 1422 1033 1491 ἐμοὶ

298 1512 586 1559 καθελεῖν·
616 1504 806 1575 οἰκτρὰ
831 1505 891 1560 δὲ
914 1504 1178 1576 πάσχουσ’
1210 1508 1435 1562 ἱκετεύω

299 1587 396 1644 τὸν
421 1588 553 1660 ἐμὸν
581 1594 749 1644 παῖδα
775 1587 987 1644 τάλαιν’
1016 1593 1075 1645 ἐν
1100 1593 1220 1663 χερὶ
1243 1600 1429 1647 θεῖναι

297 1675 466 1728 νέκυν
491 1671 825 1745 ἀμφιβαλεῖν
849 1672 1027 1746 λυγρὰ
1051 1678 1185 1747 μέλη
1212 1675 1406 1741 παιδὸς
1437 1678 1588 1747 ἐμοῦ.
1712 1686 1768 1733 70

300 1755 452 1828 άγων
479 1755 565 1814 ὁδ’
596 1756 756 1824 άλλος
780 1765 1008 1830 ἔρχεται,
1036 1761 1164 1831 γόος
1194 1761 1343 1831 γόων
1567 1777 1682 1826 στρ.

301 1839 581 1913 διάδοχος·
615 1841 844 1914 άχοῦσιν
868 1844 1165 1915 προπόλων
1187 1847 1358 1917 χέρες

300 1924 367 1982 ἰ”τ
399 1951 440 1982 ω
477 1930 716 2003 ξυνωδοὶ
738 1941 943 1998 κακοῖς,

300 2010 369 2067 ἴτ’
407 2035 448 2067 ω
484 2013 904 2084 ξυναλγηδόνες,

299 2096 464 2166 χορὸν
487 2095 784 2163 τὸν“Ἀιδας
814 2100 979 2168 σέβει,
1712 2107 1767 2154 75

303 2179 394 2236 διὰ
419 2187 661 2255 παρῇδος
686 2180 858 2253 ὄνυχα
883 2182 1086 2237 λευκὸν

306 2270 600 2336 αἱματοῦτε
622 2267 804 2338 χρῶτά
827 2289 885 2321 τε
911 2267 1109 2337 φόνιον
1124 2286 1135 2296 ·

300 2374 365 2405 τα
389 2350 493 2423 γὰρ
519 2357 741 2424 φθιτῶν
764 2365 876 2415 τοῖς
900 2349 1070 2423 ὁρῶσι
1093 2351 1308 2422 κόσμος.

301 2432 574 2507 ἄπληστος
598 2434 697 2491 ἅδε
723 2433 781 2506 μ’
810 2436 989 2507 ἐξάγει
1013 2436 1166 2509 χάρις
1190 2436 1338 2508 γόων
1564 2436 1681 2494 ἀντ.

302 2521 641 2590 πολύπονος,
669 2517 741 2584 ὡς
764 2523 815 2587 ἐξ
843 2518 1106 2591 ἀλιβάτου
1130 2522 1328 2594 πέτρας
1709 2534 1768 2580 8⁰

299 2601 445 2675 ὑγρὰ
470 2608 671 2677 ῥέουσα
696 2605 929 2676 σταγών,

297 2710 575 2757 απαυστος
603 2687 689 2745 ἆεὶ
712 2690 886 2762 γόων·

685 2787 742 2829 54
757 2809 818 2815 -
831 2787 979 2832 62-
909 2818 979 2826 -
1001 2786 1057 2830 63
1072 2808 1132 2815 -
1148 2786 1204 2831 70

677 2871 726 2915 71
745 2893 805 2900 --
822 2872 970 2916 78-
899 2893 970 2899 —-
993 2871 1048 2915 79
1066 2893 1127 2900 -
1141 2870 1200 2915 86
