2022 3126
813 82 1056 128 EKABH
1660 92 1756 143 141

292 210 457 278 αὐτὸς
481 216 543 271 δε
564 223 735 290 βωμῷ
759 216 896 288 πρὸς
917 220 1209 298 θεοδμήτω
1233 232 1412 283 πίτνει

291 301 522 369 σφαγεὶς
540 297 823 371 Ἀχιλλέως
847 305 1091 371 παιδὸς’
1064 330 1123 362 εκ
1148 311 1466 384 μιαιφόνου,

285 389 488 439 κτείνει
510 407 578 454 με
599 393 811 457 χρυσοῦ
836 386 933 442 τὸν
956 397 1308 463 ταλαίπωρον
1330 397 1491 468 χάριν
1700 419 1757 461 25

286 468 438 532 ξένος
460 476 711 544 πατρῷος
737 494 830 526 και
855 496 1074 530 κτανων
1098 480 1151 541 ἐς
1176 477 1324 550 οἶδμ’
1352 479 1481 548 ἁλὸς

285 549 485 623 μεθῆχ’
491 597 506 623 ,
536 551 612 608 ιν’
642 552 808 620 αὐτὸς
831 557 1042 627 χρυσὸν
1067 563 1127 616 ἐν
1155 563 1341 634 δόμοις
1367 573 1476 640 ἔχῃ.

284 649 466 706 κεῖμαι
491 634 546 691 δ
574 637 661 694 ἐπ’
688 636 903 712 ἀκταῖς,
939 641 1124 700 ἄλλοτ’
1153 649 1214 702 ἐν
1237 650 1446 706 πόντου
1469 654 1617 730 σάλῳ

283 727 503 786 πολλοῖς
527 724 777 789 διαύλοις
799 728 1060 797 κυμάτων
1085 733 1451 838 φορούμενος,

280 802 630 871 ἄκλαυστος
608 807 844 880 ἄταφος·
878 818 986 867 νῦν
1011 812 1064 868 δ’
1092 812 1198 871 ὑπε
1175 840 1233 889 ορ
1259 820 1462 920 μητρὸς
1487 829 1652 896 φίλης
1696 840 1752 883 30

273 885 499 962 Εκαβης
522 889 692 949 ἀίσσω
708 894 888 967 ,σωμ’
917 899 1201 969 ἐρημώσας
1224 904 1373 975 ε’μόν,

277 988 520 1043 τριταῖον
544 974 650 1072 ήδη
676 982 880 1051 φέγγος
907 983 1301 1058 αἰωρούμενος,

276 1054 512 1167 όσονπερ
538 1074 598 1116 εν
622 1069 692 1135 γῇ
717 1070 847 1137 τῇδε
869 1075 1219 1144 Χερσονησία

273 1142 449 1242 μήτηρ
475 1146 574 1217 ἐμὴ
601 1146 872 1221 δύστηνος
901 1175 960 1208 εκ
995 1161 1194 1227 Τροίας
1219 1180 1382 1229 παρα.

273 1249 472 1294 παντες
501 1229 554 1287 δ’
579 1230 784 1304 Ἀχαιοι
807 1243 947 1302 ναῦς
973 1245 1188 1309 ἔχοντες
1212 1239 1406 1314 ήσυχοι
1690 1265 1745 1307 35

269 1313 542 1371 θάσσουσ’
572 1317 659 1372 ἐπ’
689 1330 877 1386 ἀκταῖς
900 1329 1066 1393 τῆσδε
1095 1333 1337 1398 Θρῃκιάς
1360 1333 1591 1399 χθονός·

272 1394 299 1452 ὁ
323 1402 551 1469 Πηλέως
574 1426 679 1475 γαρ
704 1418 830 1470 παῖς
857 1403 998 1479 ὑπερ
1024 1409 1238 1481 τύμβου
1267 1417 1462 1482 φανεις

269 1483 483 1554 κατε’σχ’
511 1483 789 1556 Ἀχιλλευς
814 1497 925 1546 πᾶν
949 1494 1244 1566 στρατευμ’
1265 1495 1384 1553 Ελλ
1373 1503 1601 1574 ηνικόν,

267 1565 405 1637 πρὸς
429 1569 580 1626 οἷκον
605 1570 954 1641 ευθύνοντας
981 1581 1206 1635 ἐναλίαν
1230 1583 1467 1655 πλατην·

267 1657 410 1707 αι’τεῖ
429 1651 483 1709 δ’
514 1654 764 1730 αδελφὴν
792 1657 893 1732 τὴν
919 1661 1055 1733 ἐμὴν
1078 1669 1402 1739 Πολυξένην
1684 1689 1739 1731 40

264 1737 454 1812 τύμβῳ
481 1747 648 1810 φίλον
673 1744 1010 1817 πρόσφαγμα
1034 1752 1127 1805 και
1151 1754 1314 1820 γέρας
1337 1760 1544 1825 λαβεῖν

263 1824 356 1877 καὶ
379 1824 623 1891 τεύξεται
650 1827 808 1884 τοῦδ’
836 1828 964 1886 οὐδ
993 1831 1276 1907 αδωρητος
1304 1844 1486 1908 φιλων

263 1912 411 1962 ἔσται
435 1908 571 1979 πρὸς
595 1909 843 1984 ἀνδρῶν·
875 1913 908 1986 ἡ
935 1923 1266 1992 πεπρωμένη
1293 1920 1346 1977 6'
1375 1948 1495 1995 αγει

259 1999 461 2048 θανεῖν
487 1992 740 2069 ἀδελφὴν
764 1999 896 2074 τῷδ’
926 2001 1063 2074 ἐμὴν
1088 2008 1148 2060 ἐν
1172 2003 1353 2077 ἤματι

258 2080 419 2132 δυοῖν
445 2079 506 2134 δὲ
529 2087 754 2138 παίδοιν
778 2085 880 2141 δύο
906 2088 1086 2159 νεκρὼ
1111 2091 1407 2157 κατόψεται
1679 2113 1733 2156 45

259 2161 461 2234 μήτηρ,
490 2167 625 2236 ἐμοῦ
648 2191 706 2223 τε
730 2175 825 2240 τῆς
849 2194 907 2226 τε
935 2175 1214 2245 δυστήνου
1238 2177 1424 2249 κόρης.

259 2244 576 2320 φανήσομαι
601 2252 706 2325 γάρ
722 2277 837 2324 ,ως
859 2279 1042 2328 ταφου
1069 2260 1292 2331 τλήμων
1313 2263 1477 2335 τύχω,

257 2331 461 2404 δούλης
485 2340 675 2392 ποδων
699 2336 974 2409 παροιθεν
998 2347 1059 2399 έν
1083 2350 1394 2402 κλυδωνίω.

255 2415 384 2480 τοὺς
408 2417 513 2490 γὰρ
540 2421 684 2477 κάτω
710 2427 1015 2493 σθένοντας
1040 2431 1381 2503 εξῃτησάμην

254 2499 470 2572 τύμβου
494 2512 732 2577 κυρῆσαι
743 2516 873 2609 ‘usc'g-
899 2515 1061 2585 χέρας
1082 2515 1286 2586 μητρὸς
1311 2531 1518 2575 πεσεῖν.
1672 2538 1728 2578 50

252 2583 461 2657 τούμὸν
484 2589 586 2660 μὲν
610 2614 715 2647 ουν
738 2590 978 2669 ὅσονπερ
1002 2595 1214 2669 ἤθελον
1236 2616 1425 2671 τυχεῖν

251 2674 427 2725 ἔσται·
459 2681 656 2749 γεραιᾷ
681 2674 735 2732 δ’
766 2679 1018 2737 ἐκποδων
1043 2685 1360 2758 χωρήσομαι

242 2748 468 2858 ΞΕκάβῃ·
503 2766 646 2833 περᾷ
666 2760 772 2836 γὰρ
797 2761 888 2835 ήδ’
916 2763 1025 2822 ὑπὸ
1052 2776 1258 2841 σκηνῆς
1281 2771 1424 2827 πόδα

242 2836 666 2916 Ἀγαμέμνονος,
694 2847 986 2921 φάντασμα
1012 2854 1356 2924 δειμαίνουσ’
1387 2857 1536 2927 ἐμόν.
