<?xml version="1.0" encoding="UTF-8"?>
<!DOCTYPE html PUBLIC "-//W3C//DTD XHTML 1.0 Transitional//EN"
    "http://www.w3.org/TR/xhtml1/DTD/xhtml1-transitional.dtd">
<html xmlns="http://www.w3.org/1999/xhtml" xml:lang="en" lang="en">
 <head>
  <title>
</title>
<meta http-equiv="Content-Type" content="text/html;charset=utf-8" />
  <meta name='ocr-system' content='tesseract 3.04.00' />
  <meta name='ocr-capabilities' content='ocr_page ocr_carea ocr_par ocr_line ocrx_word'/>
</head>
<body>
  <div class='ocr_page' id='page_1' title='image "./euripidistragoe01euriuoft_0049.png"; bbox 0 0 2022 3126; ppageno 0'>
   <div class='ocr_carea' id='block_1_1' title="bbox 231 93 1763 137">
    <p class='ocr_par' dir='ltr' id='par_1_1' title="bbox 231 93 1763 137">
     <span class='ocr_line' id='line_1_1' title="bbox 231 93 1763 137; baseline -0.003 0"><span class='ocrx_word' id='word_1_1' title='bbox 231 98 314 137; x_wconf 89' lang='lat' dir='ltr'>DE</span> <span class='ocrx_word' id='word_1_2' title='bbox 345 95 668 137; x_wconf 87' lang='lat' dir='ltr'>CODICIBVS</span> <span class='ocrx_word' id='word_1_3' title='bbox 699 93 1045 135; x_wconf 85' lang='lat' dir='ltr'>EVRIPIDEIS</span> <span class='ocrx_word' id='word_1_4' title='bbox 1076 95 1156 135; x_wconf 88' lang='grc' dir='ltr'>ΕΤ</span> <span class='ocrx_word' id='word_1_5' title='bbox 1186 95 1582 137; x_wconf 86' lang='lat' dir='ltr'>EDITIONIBVS</span> <span class='ocrx_word' id='word_1_6' title='bbox 1639 93 1763 134; x_wconf 83' lang='lat' dir='ltr'>XLV</span> 
     </span>
    </p>
   </div>
   <div class='ocr_carea' id='block_1_2' title="bbox 130 218 1793 2932">
    <p class='ocr_par' dir='ltr' id='par_1_2' title="bbox 130 218 1793 2932">
     <span class='ocr_line' id='line_1_2' title="bbox 131 218 1763 283; baseline -0.001 -12"><span class='ocrx_word' id='word_1_7' title='bbox 131 230 271 277; x_wconf 86' lang='lat' dir='ltr'>tram,</span> <span class='ocrx_word' id='word_1_8' title='bbox 312 235 454 283; x_wconf 86' lang='lat' dir='ltr'>quam</span> <span class='ocrx_word' id='word_1_9' title='bbox 501 220 684 268; x_wconf 88' lang='lat' dir='ltr'>Romae</span> <span class='ocrx_word' id='word_1_10' title='bbox 730 234 773 267; x_wconf 88' lang='lat' dir='ltr'>a.</span> <span class='ocrx_word' id='word_1_11' title='bbox 815 220 949 267; x_wconf 88' lang='grc'>1545</span> <span class='ocrx_word' id='word_1_12' title='bbox 1001 233 1026 265; x_wconf 88' lang='lat' dir='ltr'>e</span> <span class='ocrx_word' id='word_1_13' title='bbox 1064 218 1234 266; x_wconf 89' lang='lat' dir='ltr'>codice</span> <span class='ocrx_word' id='word_1_14' title='bbox 1273 219 1313 266; x_wconf 78' lang='lat'><em>0</em></span> <span class='ocrx_word' id='word_1_15' title='bbox 1356 221 1569 281; x_wconf 88' lang='lat' dir='ltr'>primum</span> <span class='ocrx_word' id='word_1_16' title='bbox 1607 219 1763 269; x_wconf 85' lang='lat' dir='ltr'>edidit</span> 
     </span>
     <span class='ocr_line' id='line_1_3' title="bbox 131 286 1763 341; baseline -0.002 0"><span class='ocrx_word' id='word_1_17' title='bbox 131 293 303 341; x_wconf 87' lang='lat' dir='ltr'>Petrus</span> <span class='ocrx_word' id='word_1_18' title='bbox 338 291 596 338; x_wconf 70' lang='lat' dir='ltr'>Victorius</span> <span class='ocrx_word' id='word_1_19' title='bbox 670 287 877 336; x_wconf 90' lang='lat' dir='ltr'>saeculis</span> <span class='ocrx_word' id='word_1_20' title='bbox 914 286 1018 336; x_wconf 90' lang='lat' dir='ltr'>XVI</span> <span class='ocrx_word' id='word_1_21' title='bbox 1056 294 1104 336; x_wconf 90' lang='lat' dir='ltr'>et</span> <span class='ocrx_word' id='word_1_22' title='bbox 1138 286 1266 335; x_wconf 90' lang='lat' dir='ltr'>XVII</span> <span class='ocrx_word' id='word_1_23' title='bbox 1317 290 1511 337; x_wconf 86' lang='lat' dir='ltr'>tametsi</span> <span class='ocrx_word' id='word_1_24' title='bbox 1549 290 1763 338; x_wconf 89' lang='lat' dir='ltr'>studium</span> 
     </span>
     <span class='ocr_line' id='line_1_4' title="bbox 130 357 1763 423; baseline -0.002 -12"><span class='ocrx_word' id='word_1_25' title='bbox 130 358 353 423; x_wconf 86' lang='lat' dir='ltr'>Euripidi</span> <span class='ocrx_word' id='word_1_26' title='bbox 391 372 488 406; x_wconf 90' lang='lat' dir='ltr'>non</span> <span class='ocrx_word' id='word_1_27' title='bbox 530 357 697 410; x_wconf 87' lang='lat' dir='ltr'>defuit,</span> <span class='ocrx_word' id='word_1_28' title='bbox 736 364 901 406; x_wconf 90' lang='lat' dir='ltr'>tamen</span> <span class='ocrx_word' id='word_1_29' title='bbox 940 372 993 404; x_wconf 90' lang='lat' dir='ltr'>ea</span> <span class='ocrx_word' id='word_1_30' title='bbox 1033 357 1126 405; x_wconf 84' lang='lat' dir='ltr'>fuit</span> <span class='ocrx_word' id='word_1_31' title='bbox 1162 357 1281 403; x_wconf 86' lang='lat' dir='ltr'>artis</span> <span class='ocrx_word' id='word_1_32' title='bbox 1306 357 1508 406; x_wconf 80' lang='lat' dir='ltr'>criticae</span> <span class='ocrx_word' id='word_1_33' title='bbox 1544 360 1763 415; x_wconf 82' lang='lat' dir='ltr'>infantia,</span> 
     </span>
     <span class='ocr_line' id='line_1_5' title="bbox 132 425 1765 479; baseline -0.002 0"><span class='ocrx_word' id='word_1_34' title='bbox 132 438 184 479; x_wconf 91' lang='lat' dir='ltr'>ut</span> <span class='ocrx_word' id='word_1_35' title='bbox 219 428 482 477; x_wconf 89' lang='lat' dir='ltr'>mediocris</span> <span class='ocrx_word' id='word_1_36' title='bbox 519 426 706 475; x_wconf 82' lang='lat' dir='ltr'>fructus</span> <span class='ocrx_word' id='word_1_37' title='bbox 732 427 793 475; x_wconf 87' lang='lat' dir='ltr'>ad</span> <span class='ocrx_word' id='word_1_38' title='bbox 832 425 1134 475; x_wconf 85' lang='lat' dir='ltr'>emendanda</span> <span class='ocrx_word' id='word_1_39' title='bbox 1161 426 1367 474; x_wconf 80' lang='lat' dir='ltr'>traditae</span> <span class='ocrx_word' id='word_1_40' title='bbox 1405 425 1628 475; x_wconf 83' lang='lat' dir='ltr'>lectionis</span> <span class='ocrx_word' id='word_1_41' title='bbox 1654 430 1765 476; x_wconf 84' lang='lat' dir='ltr'>vitia</span> 
     </span>
     <span class='ocr_line' id='line_1_6' title="bbox 131 495 1765 560; baseline -0.002 -13"><span class='ocrx_word' id='word_1_42' title='bbox 131 497 432 547; x_wconf 89' lang='lat' dir='ltr'>redundarit.</span> <span class='ocrx_word' id='word_1_43' title='bbox 506 498 698 560; x_wconf 88' lang='lat' dir='ltr'>primus</span> <span class='ocrx_word' id='word_1_44' title='bbox 736 495 795 544; x_wconf 91' lang='lat' dir='ltr'>ad</span> <span class='ocrx_word' id='word_1_45' title='bbox 842 496 1013 544; x_wconf 88' lang='lat' dir='ltr'>altiora</span> <span class='ocrx_word' id='word_1_46' title='bbox 1058 497 1224 544; x_wconf 91' lang='lat' dir='ltr'>enisus</span> <span class='ocrx_word' id='word_1_47' title='bbox 1271 504 1345 544; x_wconf 87' lang='lat' dir='ltr'>est</span> <span class='ocrx_word' id='word_1_48' title='bbox 1380 495 1434 544; x_wconf 88' lang='lat' dir='ltr'>L.</span> <span class='ocrx_word' id='word_1_49' title='bbox 1475 495 1524 544; x_wconf 90' lang='lat' dir='ltr'>C.</span> <span class='ocrx_word' id='word_1_50' title='bbox 1567 496 1765 545; x_wconf 85' lang='lat' dir='ltr'>Valcke-</span> 
     </span>
     <span class='ocr_line' id='line_1_7' title="bbox 130 564 1766 630; baseline -0.003 -13"><span class='ocrx_word' id='word_1_51' title='bbox 130 569 296 617; x_wconf 84' lang='lat' dir='ltr'>narius</span> <span class='ocrx_word' id='word_1_52' title='bbox 334 567 588 615; x_wconf 87' lang='lat' dir='ltr'>doctrinae</span> <span class='ocrx_word' id='word_1_53' title='bbox 635 568 789 628; x_wconf 91' lang='lat' dir='ltr'>copiis</span> <span class='ocrx_word' id='word_1_54' title='bbox 836 572 978 630; x_wconf 86' lang='lat' dir='ltr'>atque</span> <span class='ocrx_word' id='word_1_55' title='bbox 1025 567 1211 629; x_wconf 85' lang='lat' dir='ltr'>ingenii</span> <span class='ocrx_word' id='word_1_56' title='bbox 1251 564 1445 614; x_wconf 91' lang='lat' dir='ltr'>dotibus</span> <span class='ocrx_word' id='word_1_57' title='bbox 1493 580 1646 629; x_wconf 87' lang='lat' dir='ltr'>aeque</span> <span class='ocrx_word' id='word_1_58' title='bbox 1693 568 1766 613; x_wconf 92' lang='lat' dir='ltr'>in-</span> 
     </span>
     <span class='ocr_line' id='line_1_8' title="bbox 132 634 1767 700; baseline -0.001 -14"><span class='ocrx_word' id='word_1_59' title='bbox 132 638 300 699; x_wconf 90' lang='lat' dir='ltr'>signis,</span> <span class='ocrx_word' id='word_1_60' title='bbox 341 638 423 700; x_wconf 87' lang='lat' dir='ltr'>qui</span> <span class='ocrx_word' id='word_1_61' title='bbox 449 635 729 684; x_wconf 83' lang='lat' dir='ltr'>Phoenissis</span> <span class='ocrx_word' id='word_1_62' title='bbox 755 641 804 683; x_wconf 90' lang='lat' dir='ltr'>et</span> <span class='ocrx_word' id='word_1_63' title='bbox 829 634 1091 699; x_wconf 82' lang='lat' dir='ltr'>Hippolyto</span> <span class='ocrx_word' id='word_1_64' title='bbox 1120 635 1263 683; x_wconf 88' lang='lat' dir='ltr'>editis</span> <span class='ocrx_word' id='word_1_65' title='bbox 1302 636 1358 696; x_wconf 90' lang='lat' dir='ltr'>(a.</span> <span class='ocrx_word' id='word_1_66' title='bbox 1384 636 1517 683; x_wconf 87' lang='lat'>1755</span> <span class='ocrx_word' id='word_1_67' title='bbox 1543 642 1590 682; x_wconf 89' lang='lat' dir='ltr'>et</span> <span class='ocrx_word' id='word_1_68' title='bbox 1618 637 1767 696; x_wconf 81' lang='grc'><strong>1768)</strong></span> 
     </span>
     <span class='ocr_line' id='line_1_9' title="bbox 135 703 1771 770; baseline -0.002 -15"><span class='ocrx_word' id='word_1_69' title='bbox 135 708 329 770; x_wconf 83' lang='lat' dir='ltr'>egregie</span> <span class='ocrx_word' id='word_1_70' title='bbox 366 706 589 769; x_wconf 85' lang='lat' dir='ltr'>Euripidi</span> <span class='ocrx_word' id='word_1_71' title='bbox 627 703 875 754; x_wconf 89' lang='lat' dir='ltr'>consuluit</span> <span class='ocrx_word' id='word_1_72' title='bbox 912 711 961 753; x_wconf 91' lang='lat' dir='ltr'>et</span> <span class='ocrx_word' id='word_1_73' title='bbox 998 704 1273 769; x_wconf 82' lang='lat' dir='ltr'>aequalium</span> <span class='ocrx_word' id='word_1_74' title='bbox 1312 704 1465 753; x_wconf 85' lang='lat' dir='ltr'>studia</span> <span class='ocrx_word' id='word_1_75' title='bbox 1506 706 1683 753; x_wconf 90' lang='lat' dir='ltr'>mirum</span> <span class='ocrx_word' id='word_1_76' title='bbox 1721 707 1771 752; x_wconf 90' lang='lat' dir='ltr'>in</span> 
     </span>
     <span class='ocr_line' id='line_1_10' title="bbox 134 773 1771 838; baseline -0.001 -14"><span class='ocrx_word' id='word_1_77' title='bbox 134 777 332 825; x_wconf 89' lang='lat' dir='ltr'>modum</span> <span class='ocrx_word' id='word_1_78' title='bbox 374 777 616 825; x_wconf 86' lang='lat' dir='ltr'>excitavit.</span> <span class='ocrx_word' id='word_1_79' title='bbox 675 780 976 838; x_wconf 85' lang='lat' dir='ltr'>exceperunt</span> <span class='ocrx_word' id='word_1_80' title='bbox 1012 775 1144 823; x_wconf 91' lang='lat' dir='ltr'>hunc</span> <span class='ocrx_word' id='word_1_81' title='bbox 1170 773 1498 828; x_wconf 87' lang='lat' dir='ltr'>Marklandus‚</span> <span class='ocrx_word' id='word_1_82' title='bbox 1540 775 1622 838; x_wconf 91' lang='lat' dir='ltr'>qui</span> <span class='ocrx_word' id='word_1_83' title='bbox 1648 775 1771 837; x_wconf 89' lang='lat' dir='ltr'>Sup-</span> 
     </span>
     <span class='ocr_line' id='line_1_11' title="bbox 132 844 1772 911; baseline -0.002 -16"><span class='ocrx_word' id='word_1_84' title='bbox 132 846 287 911; x_wconf 90' lang='lat' dir='ltr'>plices</span> <span class='ocrx_word' id='word_1_85' title='bbox 326 851 373 893; x_wconf 94' lang='lat' dir='ltr'>et</span> <span class='ocrx_word' id='word_1_86' title='bbox 419 845 698 908; x_wconf 88' lang='lat' dir='ltr'>Iphigenias</span> <span class='ocrx_word' id='word_1_87' title='bbox 736 845 888 893; x_wconf 83' lang='lat' dir='ltr'>edidit</span> <span class='ocrx_word' id='word_1_88' title='bbox 927 844 985 908; x_wconf 91' lang='lat' dir='ltr'>(a.</span> <span class='ocrx_word' id='word_1_89' title='bbox 1028 846 1362 904; x_wconf 82' lang='lat'>1763—83),</span> <span class='ocrx_word' id='word_1_90' title='bbox 1413 844 1772 893; x_wconf 84' lang='lat' dir='ltr'>etBrunckius</span> 
     </span>
     <span class='ocr_line' id='line_1_12' title="bbox 135 913 1771 978; baseline -0.001 -14"><span class='ocrx_word' id='word_1_91' title='bbox 135 916 293 965; x_wconf 82' lang='lat' dir='ltr'>editor</span> <span class='ocrx_word' id='word_1_92' title='bbox 331 915 413 964; x_wconf 78' lang='lat' dir='ltr'>Or.</span> <span class='ocrx_word' id='word_1_93' title='bbox 441 915 589 964; x_wconf 88' lang='lat' dir='ltr'>Andr.</span> <span class='ocrx_word' id='word_1_94' title='bbox 628 914 746 963; x_wconf 84' lang='lat' dir='ltr'>Hec.</span> <span class='ocrx_word' id='word_1_95' title='bbox 785 914 970 963; x_wconf 87' lang='lat' dir='ltr'>Phoen.</span> <span class='ocrx_word' id='word_1_96' title='bbox 996 913 1141 978; x_wconf 89' lang='lat' dir='ltr'>Hipp.</span> <span class='ocrx_word' id='word_1_97' title='bbox 1179 914 1355 963; x_wconf 82' lang='lat' dir='ltr'>Bacch.</span> <span class='ocrx_word' id='word_1_98' title='bbox 1397 913 1520 962; x_wconf 88' lang='lat' dir='ltr'>Med.</span> <span class='ocrx_word' id='word_1_99' title='bbox 1566 929 1607 962; x_wconf 91' lang='lat' dir='ltr'>a.</span> <span class='ocrx_word' id='word_1_100' title='bbox 1639 916 1771 963; x_wconf 84' lang='lat'>1779</span> 
     </span>
     <span class='ocr_line' id='line_1_13' title="bbox 133 982 1775 1048; baseline -0.002 -13"><span class='ocrx_word' id='word_1_101' title='bbox 133 988 296 1035; x_wconf 85' lang='lat'>-93.</span> <span class='ocrx_word' id='word_1_102' title='bbox 371 1000 543 1033; x_wconf 89' lang='lat' dir='ltr'>omnes</span> <span class='ocrx_word' id='word_1_103' title='bbox 589 984 867 1047; x_wconf 84' lang='lat' dir='ltr'>tragoedias</span> <span class='ocrx_word' id='word_1_104' title='bbox 913 985 1202 1045; x_wconf 86' lang='lat' dir='ltr'>superstites</span> <span class='ocrx_word' id='word_1_105' title='bbox 1249 982 1484 1046; x_wconf 88' lang='lat' dir='ltr'>ampliore</span> <span class='ocrx_word' id='word_1_106' title='bbox 1541 991 1775 1048; x_wconf 88' lang='lat' dir='ltr'>apparatu</span> 
     </span>
     <span class='ocr_line' id='line_1_14' title="bbox 133 1054 1774 1118; baseline -0.001 -15"><span class='ocrx_word' id='word_1_107' title='bbox 133 1057 396 1104; x_wconf 88' lang='lat' dir='ltr'>instructas</span> <span class='ocrx_word' id='word_1_108' title='bbox 435 1054 720 1117; x_wconf 86' lang='lat' dir='ltr'>complexus</span> <span class='ocrx_word' id='word_1_109' title='bbox 760 1063 834 1104; x_wconf 88' lang='lat' dir='ltr'>est</span> <span class='ocrx_word' id='word_1_110' title='bbox 873 1054 922 1103; x_wconf 90' lang='lat' dir='ltr'>S.</span> <span class='ocrx_word' id='word_1_111' title='bbox 949 1054 1251 1116; x_wconf 89' lang='lat' dir='ltr'>Musgravius</span> <span class='ocrx_word' id='word_1_112' title='bbox 1290 1070 1332 1102; x_wconf 88' lang='lat' dir='ltr'>a.</span> <span class='ocrx_word' id='word_1_113' title='bbox 1365 1056 1516 1102; x_wconf 86' lang='lat'>1778.</span> <span class='ocrx_word' id='word_1_114' title='bbox 1591 1056 1774 1118; x_wconf 87' lang='lat' dir='ltr'>optime</span> 
     </span>
     <span class='ocr_line' id='line_1_15' title="bbox 136 1123 1774 1187; baseline -0.002 -14"><span class='ocrx_word' id='word_1_115' title='bbox 136 1141 250 1174; x_wconf 82' lang='lat' dir='ltr'>vero</span> <span class='ocrx_word' id='word_1_116' title='bbox 297 1124 358 1172; x_wconf 91' lang='lat' dir='ltr'>de</span> <span class='ocrx_word' id='word_1_117' title='bbox 404 1126 562 1187; x_wconf 85' lang='lat' dir='ltr'>poetis</span> <span class='ocrx_word' id='word_1_118' title='bbox 607 1125 804 1186; x_wconf 85' lang='lat' dir='ltr'>tragicis</span> <span class='ocrx_word' id='word_1_119' title='bbox 842 1123 1158 1172; x_wconf 88' lang='lat' dir='ltr'>emendandis</span> <span class='ocrx_word' id='word_1_120' title='bbox 1205 1125 1409 1172; x_wconf 89' lang='lat' dir='ltr'>meritus</span> <span class='ocrx_word' id='word_1_121' title='bbox 1447 1130 1521 1172; x_wconf 89' lang='lat' dir='ltr'>est</span> <span class='ocrx_word' id='word_1_122' title='bbox 1557 1123 1613 1172; x_wconf 90' lang='lat' dir='ltr'>R.</span> <span class='ocrx_word' id='word_1_123' title='bbox 1655 1124 1774 1172; x_wconf 92' lang='lat' dir='ltr'>Por-</span> 
     </span>
     <span class='ocr_line' id='line_1_16' title="bbox 135 1193 1773 1257; baseline -0.002 -14"><span class='ocrx_word' id='word_1_124' title='bbox 135 1209 284 1243; x_wconf 89' lang='lat' dir='ltr'>sonus</span> <span class='ocrx_word' id='word_1_125' title='bbox 333 1194 517 1257; x_wconf 87' lang='lat' dir='ltr'>(editor</span> <span class='ocrx_word' id='word_1_126' title='bbox 562 1194 792 1243; x_wconf 84' lang='lat' dir='ltr'>Hecubae</span> <span class='ocrx_word' id='word_1_127' title='bbox 840 1194 923 1243; x_wconf 90' lang='lat' dir='ltr'>Or.</span> <span class='ocrx_word' id='word_1_128' title='bbox 964 1193 1148 1241; x_wconf 90' lang='lat' dir='ltr'>Phoen.</span> <span class='ocrx_word' id='word_1_129' title='bbox 1196 1194 1324 1242; x_wconf 89' lang='lat' dir='ltr'>Med.</span> <span class='ocrx_word' id='word_1_130' title='bbox 1366 1209 1407 1241; x_wconf 93' lang='lat' dir='ltr'>a.</span> <span class='ocrx_word' id='word_1_131' title='bbox 1453 1195 1585 1241; x_wconf 89' lang='grc'><strong>1797</strong></span> <span class='ocrx_word' id='word_1_132' title='bbox 1635 1194 1773 1257; x_wconf 86' lang='lat' dir='ltr'>sqq.)‚</span> 
     </span>
     <span class='ocr_line' id='line_1_17' title="bbox 135 1263 1777 1329; baseline -0.002 -16"><span class='ocrx_word' id='word_1_133' title='bbox 135 1267 222 1329; x_wconf 89' lang='lat' dir='ltr'>qui</span> <span class='ocrx_word' id='word_1_134' title='bbox 260 1266 549 1313; x_wconf 88' lang='lat' dir='ltr'>usitatorum</span> <span class='ocrx_word' id='word_1_135' title='bbox 576 1271 849 1313; x_wconf 84' lang='lat' dir='ltr'>metrorum</span> <span class='ocrx_word' id='word_1_136' title='bbox 887 1263 1021 1326; x_wconf 89' lang='lat' dir='ltr'>leges</span> <span class='ocrx_word' id='word_1_137' title='bbox 1047 1279 1074 1312; x_wconf 91' lang='lat' dir='ltr'>a</span> <span class='ocrx_word' id='word_1_138' title='bbox 1111 1264 1310 1326; x_wconf 86' lang='lat' dir='ltr'>tragicis</span> <span class='ocrx_word' id='word_1_139' title='bbox 1337 1269 1551 1311; x_wconf 86' lang='lat' dir='ltr'>servatas</span> <span class='ocrx_word' id='word_1_140' title='bbox 1590 1265 1777 1325; x_wconf 88' lang='lat' dir='ltr'>primus</span> 
     </span>
     <span class='ocr_line' id='line_1_18' title="bbox 135 1333 1776 1398; baseline -0.002 -16"><span class='ocrx_word' id='word_1_141' title='bbox 135 1335 389 1398; x_wconf 85' lang='lat' dir='ltr'>perspexit</span> <span class='ocrx_word' id='word_1_142' title='bbox 426 1340 475 1382; x_wconf 91' lang='lat' dir='ltr'>et</span> <span class='ocrx_word' id='word_1_143' title='bbox 511 1333 786 1382; x_wconf 87' lang='lat' dir='ltr'>admirabili</span> <span class='ocrx_word' id='word_1_144' title='bbox 836 1349 949 1383; x_wconf 90' lang='lat' dir='ltr'>cum</span> <span class='ocrx_word' id='word_1_145' title='bbox 987 1334 1249 1396; x_wconf 86' lang='lat' dir='ltr'>sagacitate</span> <span class='ocrx_word' id='word_1_146' title='bbox 1288 1349 1314 1381; x_wconf 89' lang='lat' dir='ltr'>a</span> <span class='ocrx_word' id='word_1_147' title='bbox 1363 1333 1583 1396; x_wconf 88' lang='lat' dir='ltr'>priorum</span> <span class='ocrx_word' id='word_1_148' title='bbox 1623 1333 1776 1380; x_wconf 87' lang='lat' dir='ltr'>edito-</span> 
     </span>
     <span class='ocr_line' id='line_1_19' title="bbox 137 1403 1775 1467; baseline -0.002 -14"><span class='ocrx_word' id='word_1_149' title='bbox 137 1420 248 1453; x_wconf 87' lang='lat' dir='ltr'>rum</span> <span class='ocrx_word' id='word_1_150' title='bbox 293 1403 516 1452; x_wconf 87' lang='lat' dir='ltr'>socordia</span> <span class='ocrx_word' id='word_1_151' title='bbox 563 1403 834 1452; x_wconf 87' lang='lat' dir='ltr'>vindicavit.</span> <span class='ocrx_word' id='word_1_152' title='bbox 911 1403 1056 1451; x_wconf 90' lang='lat' dir='ltr'>huius</span> <span class='ocrx_word' id='word_1_153' title='bbox 1093 1405 1296 1465; x_wconf 88' lang='lat' dir='ltr'>vestigia</span> <span class='ocrx_word' id='word_1_154' title='bbox 1349 1410 1544 1451; x_wconf 89' lang='lat' dir='ltr'>secutus</span> <span class='ocrx_word' id='word_1_155' title='bbox 1583 1409 1656 1450; x_wconf 89' lang='lat' dir='ltr'>est</span> <span class='ocrx_word' id='word_1_156' title='bbox 1694 1404 1775 1467; x_wconf 88' lang='lat' dir='ltr'>qui</span> 
     </span>
     <span class='ocr_line' id='line_1_20' title="bbox 135 1472 1775 1536; baseline 0.001 -14"><span class='ocrx_word' id='word_1_157' title='bbox 135 1473 421 1522; x_wconf 80' lang='lat' dir='ltr'>Heraclidas</span> <span class='ocrx_word' id='word_1_158' title='bbox 457 1473 676 1522; x_wconf 90' lang='lat' dir='ltr'>Medeam</span> <span class='ocrx_word' id='word_1_159' title='bbox 726 1473 941 1523; x_wconf 86' lang='lat' dir='ltr'>Bacchas</span> <span class='ocrx_word' id='word_1_160' title='bbox 983 1476 1041 1534; x_wconf 89' lang='lat' dir='ltr'>(a.</span> <span class='ocrx_word' id='word_1_161' title='bbox 1085 1472 1394 1536; x_wconf 84' lang='lat'>1813—21)</span> <span class='ocrx_word' id='word_1_162' title='bbox 1435 1474 1685 1522; x_wconf 83' lang='lat' dir='ltr'>recensuit</span> <span class='ocrx_word' id='word_1_163' title='bbox 1722 1472 1775 1524; x_wconf 88' lang='lat' dir='ltr'>P.</span> 
     </span>
     <span class='ocr_line' id='line_1_21' title="bbox 138 1542 1777 1605; baseline -0.002 -13"><span class='ocrx_word' id='word_1_164' title='bbox 138 1543 413 1598; x_wconf 84' lang='lat' dir='ltr'>ElmsleiuS,</span> <span class='ocrx_word' id='word_1_165' title='bbox 453 1542 740 1591; x_wconf 89' lang='lat' dir='ltr'>observator</span> <span class='ocrx_word' id='word_1_166' title='bbox 776 1543 921 1605; x_wconf 84' lang='lat' dir='ltr'>longe</span> <span class='ocrx_word' id='word_1_167' title='bbox 948 1542 1362 1604; x_wconf 83' lang='lat' dir='ltr'>diligentissimuS,</span> <span class='ocrx_word' id='word_1_168' title='bbox 1402 1543 1601 1590; x_wconf 90' lang='lat' dir='ltr'>criticus</span> <span class='ocrx_word' id='word_1_169' title='bbox 1637 1555 1777 1602; x_wconf 86' lang='lat' dir='ltr'>egre-</span> 
     </span>
     <span class='ocr_line' id='line_1_22' title="bbox 139 1611 1776 1677; baseline -0.001 -16"><span class='ocrx_word' id='word_1_170' title='bbox 139 1616 259 1675; x_wconf 88' lang='lat' dir='ltr'>gius.</span> <span class='ocrx_word' id='word_1_171' title='bbox 335 1614 529 1677; x_wconf 86' lang='lat' dir='ltr'>utrique</span> <span class='ocrx_word' id='word_1_172' title='bbox 589 1611 804 1675; x_wconf 87' lang='lat' dir='ltr'>aequalis</span> <span class='ocrx_word' id='word_1_173' title='bbox 853 1619 901 1660; x_wconf 94' lang='lat' dir='ltr'>et</span> <span class='ocrx_word' id='word_1_174' title='bbox 954 1614 1150 1676; x_wconf 85' lang='lat' dir='ltr'>utrique</span> <span class='ocrx_word' id='word_1_175' title='bbox 1207 1618 1456 1676; x_wconf 87' lang='lat' dir='ltr'>superstes</span> <span class='ocrx_word' id='word_1_176' title='bbox 1516 1612 1606 1660; x_wconf 82' lang='lat' dir='ltr'>fuit</span> <span class='ocrx_word' id='word_1_177' title='bbox 1655 1611 1776 1659; x_wconf 89' lang='lat' dir='ltr'>God.</span> 
     </span>
     <span class='ocr_line' id='line_1_23' title="bbox 138 1681 1779 1745; baseline -0.002 -14"><span class='ocrx_word' id='word_1_178' title='bbox 138 1684 473 1737; x_wconf 82' lang='lat' dir='ltr'>HermannuS,</span> <span class='ocrx_word' id='word_1_179' title='bbox 523 1684 605 1743; x_wconf 92' lang='lat' dir='ltr'>qui</span> <span class='ocrx_word' id='word_1_180' title='bbox 641 1697 730 1745; x_wconf 86' lang='lat' dir='ltr'>per</span> <span class='ocrx_word' id='word_1_181' title='bbox 769 1682 1026 1730; x_wconf 89' lang='lat' dir='ltr'>dimidium</span> <span class='ocrx_word' id='word_1_182' title='bbox 1064 1684 1170 1730; x_wconf 90' lang='lat' dir='ltr'>sere</span> <span class='ocrx_word' id='word_1_183' title='bbox 1208 1681 1454 1731; x_wconf 86' lang='lat' dir='ltr'>saeculum</span> <span class='ocrx_word' id='word_1_184' title='bbox 1492 1682 1540 1728; x_wconf 90' lang='lat' dir='ltr'>in</span> <span class='ocrx_word' id='word_1_185' title='bbox 1580 1683 1779 1744; x_wconf 82' lang='lat' dir='ltr'>tragicis</span> 
     </span>
     <span class='ocr_line' id='line_1_24' title="bbox 139 1751 1779 1813; baseline -0.001 -12"><span class='ocrx_word' id='word_1_186' title='bbox 139 1753 341 1801; x_wconf 89' lang='lat' dir='ltr'>Graecis</span> <span class='ocrx_word' id='word_1_187' title='bbox 389 1752 705 1801; x_wconf 83' lang='lat' dir='ltr'>recensendis</span> <span class='ocrx_word' id='word_1_188' title='bbox 762 1751 1027 1799; x_wconf 86' lang='lat' dir='ltr'>elaboravit</span> <span class='ocrx_word' id='word_1_189' title='bbox 1083 1757 1130 1799; x_wconf 90' lang='lat' dir='ltr'>et</span> <span class='ocrx_word' id='word_1_190' title='bbox 1179 1757 1275 1800; x_wconf 89' lang='lat' dir='ltr'>tam</span> <span class='ocrx_word' id='word_1_191' title='bbox 1325 1751 1519 1813; x_wconf 86' lang='lat' dir='ltr'>linguae</span> <span class='ocrx_word' id='word_1_192' title='bbox 1578 1753 1779 1799; x_wconf 87' lang='lat' dir='ltr'>scientia</span> 
     </span>
     <span class='ocr_line' id='line_1_25' title="bbox 139 1820 1780 1884; baseline 0 -14"><span class='ocrx_word' id='word_1_193' title='bbox 139 1837 284 1884; x_wconf 83' lang='lat' dir='ltr'>quam</span> <span class='ocrx_word' id='word_1_194' title='bbox 332 1821 499 1870; x_wconf 88' lang='lat' dir='ltr'>subtili</span> <span class='ocrx_word' id='word_1_195' title='bbox 545 1822 724 1869; x_wconf 89' lang='lat' dir='ltr'>iudicio</span> <span class='ocrx_word' id='word_1_196' title='bbox 772 1822 990 1883; x_wconf 89' lang='lat' dir='ltr'>miraque</span> <span class='ocrx_word' id='word_1_197' title='bbox 1036 1822 1223 1883; x_wconf 89' lang='lat' dir='ltr'>ingenii</span> <span class='ocrx_word' id='word_1_198' title='bbox 1259 1820 1528 1869; x_wconf 84' lang='lat' dir='ltr'>mobilitate</span> <span class='ocrx_word' id='word_1_199' title='bbox 1573 1821 1780 1870; x_wconf 88' lang='lat' dir='ltr'>multum</span> 
     </span>
     <span class='ocr_line' id='line_1_26' title="bbox 139 1891 1778 1955; baseline -0.001 -15"><span class='ocrx_word' id='word_1_200' title='bbox 139 1891 359 1955; x_wconf 87' lang='lat' dir='ltr'>Euripidi</span> <span class='ocrx_word' id='word_1_201' title='bbox 398 1891 597 1955; x_wconf 82' lang='lat' dir='ltr'>profuit,</span> <span class='ocrx_word' id='word_1_202' title='bbox 637 1906 933 1955; x_wconf 86' lang='lat' dir='ltr'>quamquam</span> <span class='ocrx_word' id='word_1_203' title='bbox 973 1892 1150 1940; x_wconf 86' lang='lat' dir='ltr'>accidit</span> <span class='ocrx_word' id='word_1_204' title='bbox 1188 1893 1381 1953; x_wconf 89' lang='lat' dir='ltr'>saepius</span> <span class='ocrx_word' id='word_1_205' title='bbox 1420 1893 1523 1938; x_wconf 88' lang='lat' dir='ltr'>viro</span> <span class='ocrx_word' id='word_1_206' title='bbox 1564 1892 1778 1953; x_wconf 89' lang='lat' dir='ltr'>egregio,</span> 
     </span>
     <span class='ocr_line' id='line_1_27' title="bbox 138 1960 1780 2026; baseline 0 -16"><span class='ocrx_word' id='word_1_207' title='bbox 138 1968 190 2011; x_wconf 84' lang='lat' dir='ltr'>ut</span> <span class='ocrx_word' id='word_1_208' title='bbox 226 1977 324 2010; x_wconf 88' lang='lat' dir='ltr'>non</span> <span class='ocrx_word' id='word_1_209' title='bbox 370 1967 470 2010; x_wconf 90' lang='lat' dir='ltr'>tam</span> <span class='ocrx_word' id='word_1_210' title='bbox 508 1963 663 2009; x_wconf 91' lang='lat' dir='ltr'>critici</span> <span class='ocrx_word' id='word_1_211' title='bbox 701 1976 847 2026; x_wconf 89' lang='lat' dir='ltr'>quam</span> <span class='ocrx_word' id='word_1_212' title='bbox 893 1967 1068 2025; x_wconf 88' lang='lat' dir='ltr'>poetae</span> <span class='ocrx_word' id='word_1_213' title='bbox 1105 1960 1355 2009; x_wconf 89' lang='lat' dir='ltr'>videretur</span> <span class='ocrx_word' id='word_1_214' title='bbox 1400 1968 1565 2024; x_wconf 85' lang='lat' dir='ltr'>partes</span> <span class='ocrx_word' id='word_1_215' title='bbox 1615 1976 1780 2009; x_wconf 86' lang='lat' dir='ltr'>susce·</span> 
     </span>
     <span class='ocr_line' id='line_1_28' title="bbox 138 2030 1782 2096; baseline -0.002 -16"><span class='ocrx_word' id='word_1_216' title='bbox 138 2033 291 2096; x_wconf 86' lang='lat' dir='ltr'>pisse:</span> <span class='ocrx_word' id='word_1_217' title='bbox 332 2030 484 2080; x_wconf 87' lang='lat' dir='ltr'>edidit</span> <span class='ocrx_word' id='word_1_218' title='bbox 519 2031 913 2081; x_wconf 88' lang='lat' dir='ltr'>Andromacham</span> <span class='ocrx_word' id='word_1_219' title='bbox 954 2033 1114 2085; x_wconf 83' lang='grc'><strong>1838,</strong></span> <span class='ocrx_word' id='word_1_220' title='bbox 1155 2030 1372 2079; x_wconf 88' lang='lat' dir='ltr'>Bacchas</span> <span class='ocrx_word' id='word_1_221' title='bbox 1414 2033 1574 2086; x_wconf 91' lang='grc'><strong>1823,</strong></span> <span class='ocrx_word' id='word_1_222' title='bbox 1624 2030 1782 2078; x_wconf 87' lang='lat' dir='ltr'>Hecu-</span> 
     </span>
     <span class='ocr_line' id='line_1_29' title="bbox 140 2100 1781 2162; baseline -0.001 -13"><span class='ocrx_word' id='word_1_223' title='bbox 140 2101 254 2151; x_wconf 90' lang='lat' dir='ltr'>bam</span> <span class='ocrx_word' id='word_1_224' title='bbox 293 2103 428 2151; x_wconf 88' lang='lat'>1800</span> <span class='ocrx_word' id='word_1_225' title='bbox 467 2107 515 2149; x_wconf 83' lang='lat' dir='ltr'>et</span> <span class='ocrx_word' id='word_1_226' title='bbox 555 2104 702 2156; x_wconf 86' lang='lat'>1831,</span> <span class='ocrx_word' id='word_1_227' title='bbox 744 2101 979 2149; x_wconf 89' lang='lat' dir='ltr'>Helenam</span> <span class='ocrx_word' id='word_1_228' title='bbox 1010 2103 1157 2155; x_wconf 86' lang='lat'>1837,</span> <span class='ocrx_word' id='word_1_229' title='bbox 1200 2101 1346 2149; x_wconf 86' lang='lat' dir='ltr'>Herc.</span> <span class='ocrx_word' id='word_1_230' title='bbox 1376 2100 1429 2148; x_wconf 91' lang='lat' dir='ltr'>F.</span> <span class='ocrx_word' id='word_1_231' title='bbox 1462 2103 1612 2156; x_wconf 92' lang='grc'><strong>1810,</strong></span> <span class='ocrx_word' id='word_1_232' title='bbox 1656 2100 1781 2162; x_wconf 90' lang='lat' dir='ltr'>Sup-</span> 
     </span>
     <span class='ocr_line' id='line_1_30' title="bbox 142 2170 1780 2234; baseline 0.002 -15"><span class='ocrx_word' id='word_1_233' title='bbox 142 2170 293 2234; x_wconf 87' lang='lat' dir='ltr'>plices</span> <span class='ocrx_word' id='word_1_234' title='bbox 333 2173 484 2226; x_wconf 83' lang='lat'>1811,</span> <span class='ocrx_word' id='word_1_235' title='bbox 525 2170 680 2234; x_wconf 89' lang='lat' dir='ltr'>Iphig.</span> <span class='ocrx_word' id='word_1_236' title='bbox 710 2174 763 2219; x_wconf 88' lang='lat' dir='ltr'>A.</span> <span class='ocrx_word' id='word_1_237' title='bbox 807 2173 957 2223; x_wconf 89' lang='lat'>1831,</span> <span class='ocrx_word' id='word_1_238' title='bbox 999 2170 1102 2234; x_wconf 87' lang='lat' dir='ltr'>lph.</span> <span class='ocrx_word' id='word_1_239' title='bbox 1129 2171 1182 2220; x_wconf 89' lang='grc' dir='ltr'>Τ.</span> <span class='ocrx_word' id='word_1_240' title='bbox 1226 2173 1377 2226; x_wconf 89' lang='grc'><strong>1833,</strong></span> <span class='ocrx_word' id='word_1_241' title='bbox 1417 2170 1585 2218; x_wconf 89' lang='lat' dir='ltr'>Ionem</span> <span class='ocrx_word' id='word_1_242' title='bbox 1627 2172 1780 2223; x_wconf 89' lang='grc'><strong>1827.</strong></span> 
     </span>
     <span class='ocr_line' id='line_1_31' title="bbox 139 2239 1780 2306; baseline -0.002 -16"><span class='ocrx_word' id='word_1_243' title='bbox 139 2240 400 2306; x_wconf 74' lang='lat' dir='ltr'>Cyclopem</span> <span class='ocrx_word' id='word_1_244' title='bbox 441 2243 590 2295; x_wconf 87' lang='lat'>1838,</span> <span class='ocrx_word' id='word_1_245' title='bbox 633 2240 857 2290; x_wconf 89' lang='lat' dir='ltr'>Orestem</span> <span class='ocrx_word' id='word_1_246' title='bbox 898 2241 1057 2295; x_wconf 87' lang='lat'>1841,</span> <span class='ocrx_word' id='word_1_247' title='bbox 1099 2239 1390 2288; x_wconf 90' lang='lat' dir='ltr'>Phoenissas</span> <span class='ocrx_word' id='word_1_248' title='bbox 1429 2242 1581 2289; x_wconf 80' lang='lat'>1840.</span> <span class='ocrx_word' id='word_1_249' title='bbox 1646 2240 1780 2288; x_wconf 92' lang='lat' dir='ltr'>deni-</span> 
     </span>
     <span class='ocr_line' id='line_1_32' title="bbox 139 2309 1783 2374; baseline -0.001 -16"><span class='ocrx_word' id='word_1_250' title='bbox 139 2326 234 2374; x_wconf 85' lang='lat' dir='ltr'>que</span> <span class='ocrx_word' id='word_1_251' title='bbox 283 2311 377 2358; x_wconf 89' lang='lat' dir='ltr'>hoc</span> <span class='ocrx_word' id='word_1_252' title='bbox 424 2309 619 2359; x_wconf 88' lang='lat' dir='ltr'>saeculo</span> <span class='ocrx_word' id='word_1_253' title='bbox 666 2310 865 2374; x_wconf 90' lang='lat' dir='ltr'>plurimi</span> <span class='ocrx_word' id='word_1_254' title='bbox 912 2311 1138 2359; x_wconf 90' lang='lat' dir='ltr'>homines</span> <span class='ocrx_word' id='word_1_255' title='bbox 1190 2310 1321 2358; x_wconf 85' lang='lat' dir='ltr'>docti</span> <span class='ocrx_word' id='word_1_256' title='bbox 1369 2309 1698 2358; x_wconf 89' lang='lat' dir='ltr'>recensendas</span> <span class='ocrx_word' id='word_1_257' title='bbox 1736 2317 1783 2357; x_wconf 86' lang='lat' dir='ltr'>et</span> 
     </span>
     <span class='ocr_line' id='line_1_33' title="bbox 141 2379 1783 2444; baseline -0.002 -15"><span class='ocrx_word' id='word_1_258' title='bbox 141 2379 471 2429; x_wconf 84' lang='lat' dir='ltr'>emendandas</span> <span class='ocrx_word' id='word_1_259' title='bbox 498 2380 745 2444; x_wconf 89' lang='lat' dir='ltr'>Euripidis</span> <span class='ocrx_word' id='word_1_260' title='bbox 781 2379 1059 2443; x_wconf 87' lang='lat' dir='ltr'>tragoedias</span> <span class='ocrx_word' id='word_1_261' title='bbox 1091 2379 1184 2429; x_wconf 91' lang='lat' dir='ltr'>sibi</span> <span class='ocrx_word' id='word_1_262' title='bbox 1222 2387 1554 2444; x_wconf 89' lang='lat' dir='ltr'>sumpserunt,</span> <span class='ocrx_word' id='word_1_263' title='bbox 1595 2379 1783 2427; x_wconf 89' lang='lat' dir='ltr'>diversa</span> 
     </span>
     <span class='ocr_line' id='line_1_34' title="bbox 140 2450 1783 2514; baseline -0.001 -17"><span class='ocrx_word' id='word_1_264' title='bbox 140 2452 295 2499; x_wconf 87' lang='lat' dir='ltr'>secuti</span> <span class='ocrx_word' id='word_1_265' title='bbox 343 2450 544 2498; x_wconf 85' lang='lat' dir='ltr'>consilia</span> <span class='ocrx_word' id='word_1_266' title='bbox 595 2457 642 2498; x_wconf 91' lang='lat' dir='ltr'>et</span> <span class='ocrx_word' id='word_1_267' title='bbox 696 2452 874 2514; x_wconf 90' lang='lat' dir='ltr'>impari</span> <span class='ocrx_word' id='word_1_268' title='bbox 922 2465 1030 2498; x_wconf 90' lang='lat' dir='ltr'>cum</span> <span class='ocrx_word' id='word_1_269' title='bbox 1080 2464 1339 2505; x_wconf 87' lang='lat' dir='ltr'>successu;</span> <span class='ocrx_word' id='word_1_270' title='bbox 1397 2450 1622 2511; x_wconf 84' lang='lat' dir='ltr'>inprimis</span> <span class='ocrx_word' id='word_1_271' title='bbox 1669 2463 1783 2497; x_wconf 89' lang='lat' dir='ltr'>vero</span> 
     </span>
     <span class='ocr_line' id='line_1_35' title="bbox 140 2519 1793 2583; baseline -0.002 -15"><span class='ocrx_word' id='word_1_272' title='bbox 140 2519 374 2568; x_wconf 88' lang='lat' dir='ltr'>Germani</span> <span class='ocrx_word' id='word_1_273' title='bbox 411 2520 538 2568; x_wconf 88' lang='lat' dir='ltr'>hanc</span> <span class='ocrx_word' id='word_1_274' title='bbox 576 2520 978 2569; x_wconf 88' lang='lat' dir='ltr'>administrarunt</span> <span class='ocrx_word' id='word_1_275' title='bbox 1013 2521 1330 2583; x_wconf 86' lang='lat' dir='ltr'>provinciam.</span> <span class='ocrx_word' id='word_1_276' title='bbox 1408 2533 1618 2581; x_wconf 86' lang='lat' dir='ltr'>quorum</span> <span class='ocrx_word' id='word_1_277' title='bbox 1659 2520 1793 2566; x_wconf 88' lang='lat' dir='ltr'>viro--</span> 
     </span>
     <span class='ocr_line' id='line_1_36' title="bbox 140 2587 1782 2653; baseline -0.001 -16"><span class='ocrx_word' id='word_1_278' title='bbox 140 2603 251 2637; x_wconf 86' lang='lat' dir='ltr'>rum</span> <span class='ocrx_word' id='word_1_279' title='bbox 300 2590 578 2638; x_wconf 88' lang='lat' dir='ltr'>nominasse</span> <span class='ocrx_word' id='word_1_280' title='bbox 626 2590 834 2638; x_wconf 85' lang='lat' dir='ltr'>sufficiet</span> <span class='ocrx_word' id='word_1_281' title='bbox 879 2592 934 2639; x_wconf 88' lang='lat' dir='ltr'>A.</span> <span class='ocrx_word' id='word_1_282' title='bbox 976 2589 1249 2638; x_wconf 88' lang='lat' dir='ltr'>Seidlerum</span> <span class='ocrx_word' id='word_1_283' title='bbox 1290 2588 1431 2653; x_wconf 86' lang='lat' dir='ltr'>(Tro.</span> <span class='ocrx_word' id='word_1_284' title='bbox 1470 2588 1540 2636; x_wconf 93' lang='lat' dir='ltr'>El.</span> <span class='ocrx_word' id='word_1_285' title='bbox 1582 2588 1684 2652; x_wconf 90' lang='lat' dir='ltr'>lph.</span> <span class='ocrx_word' id='word_1_286' title='bbox 1725 2587 1782 2635; x_wconf 92' lang='lat' dir='ltr'>T.</span> 
     </span>
     <span class='ocr_line' id='line_1_37' title="bbox 145 2657 1782 2719; baseline -0.001 -14"><span class='ocrx_word' id='word_1_287' title='bbox 145 2661 278 2707; x_wconf 83' lang='lat'>1812</span> <span class='ocrx_word' id='word_1_288' title='bbox 307 2665 354 2707; x_wconf 88' lang='lat' dir='ltr'>et</span> <span class='ocrx_word' id='word_1_289' title='bbox 381 2660 480 2719; x_wconf 87' lang='lat'>13),</span> <span class='ocrx_word' id='word_1_290' title='bbox 520 2660 574 2707; x_wconf 81' lang='lat' dir='ltr'>A.</span> <span class='ocrx_word' id='word_1_291' title='bbox 612 2659 857 2716; x_wconf 87' lang='lat' dir='ltr'>Matthiae,</span> <span class='ocrx_word' id='word_1_292' title='bbox 897 2659 1201 2707; x_wconf 89' lang='lat' dir='ltr'>Ludovicum</span> <span class='ocrx_word' id='word_1_293' title='bbox 1241 2668 1287 2707; x_wconf 90' lang='lat' dir='ltr'>et</span> <span class='ocrx_word' id='word_1_294' title='bbox 1325 2658 1637 2708; x_wconf 90' lang='lat' dir='ltr'>Guilielmum</span> <span class='ocrx_word' id='word_1_295' title='bbox 1666 2657 1782 2705; x_wconf 90' lang='lat' dir='ltr'>Din-</span> 
     </span>
     <span class='ocr_line' id='line_1_38' title="bbox 144 2726 1783 2790; baseline 0.001 -18"><span class='ocrx_word' id='word_1_296' title='bbox 144 2726 342 2784; x_wconf 77' lang='lat' dir='ltr'>dorfiOS,</span> <span class='ocrx_word' id='word_1_297' title='bbox 391 2728 481 2776; x_wconf 88' lang='lat' dir='ltr'>Th.</span> <span class='ocrx_word' id='word_1_298' title='bbox 531 2729 748 2785; x_wconf 85' lang='lat' dir='ltr'>Fixium,</span> <span class='ocrx_word' id='word_1_299' title='bbox 800 2729 836 2777; x_wconf 91' lang='grc' dir='ltr'>Ι.</span> <span class='ocrx_word' id='word_1_300' title='bbox 875 2730 929 2776; x_wconf 89' lang='lat' dir='ltr'>A.</span> <span class='ocrx_word' id='word_1_301' title='bbox 976 2728 1320 2790; x_wconf 88' lang='lat' dir='ltr'>Hartungium.</span> <span class='ocrx_word' id='word_1_302' title='bbox 1396 2731 1526 2776; x_wconf 86' lang='lat' dir='ltr'>inter</span> <span class='ocrx_word' id='word_1_303' title='bbox 1576 2728 1783 2775; x_wconf 89' lang='lat' dir='ltr'>Batavos</span> 
     </span>
     <span class='ocr_line' id='line_1_39' title="bbox 146 2795 1779 2862; baseline 0 -19"><span class='ocrx_word' id='word_1_304' title='bbox 146 2796 426 2859; x_wconf 87' lang='lat' dir='ltr'>Lentingius</span> <span class='ocrx_word' id='word_1_305' title='bbox 465 2798 606 2859; x_wconf 87' lang='lat' dir='ltr'>(Med.</span> <span class='ocrx_word' id='word_1_306' title='bbox 634 2799 783 2848; x_wconf 90' lang='lat' dir='ltr'>Andr.</span> <span class='ocrx_word' id='word_1_307' title='bbox 815 2801 950 2848; x_wconf 89' lang='grc'><strong>1819</strong></span> <span class='ocrx_word' id='word_1_308' title='bbox 980 2804 1026 2846; x_wconf 88' lang='lat' dir='ltr'>et</span> <span class='ocrx_word' id='word_1_309' title='bbox 1066 2800 1215 2862; x_wconf 87' lang='grc'><strong>1829)</strong></span> <span class='ocrx_word' id='word_1_310' title='bbox 1258 2805 1306 2846; x_wconf 87' lang='lat' dir='ltr'>et</span> <span class='ocrx_word' id='word_1_311' title='bbox 1343 2797 1538 2847; x_wconf 86' lang='lat' dir='ltr'>Geelius</span> <span class='ocrx_word' id='word_1_312' title='bbox 1578 2795 1779 2859; x_wconf 88' lang='lat' dir='ltr'>(Phoen.</span> 
     </span>
     <span class='ocr_line' id='line_1_40' title="bbox 149 2866 1782 2932; baseline 0 -19"><span class='ocrx_word' id='word_1_313' title='bbox 149 2866 295 2927; x_wconf 80' lang='lat'>1846)</span> <span class='ocrx_word' id='word_1_314' title='bbox 334 2866 709 2930; x_wconf 90' lang='lat' dir='ltr'>Euripidearum</span> <span class='ocrx_word' id='word_1_315' title='bbox 758 2868 1064 2932; x_wconf 88' lang='lat' dir='ltr'>quarundam</span> <span class='ocrx_word' id='word_1_316' title='bbox 1113 2867 1388 2917; x_wconf 87' lang='lat' dir='ltr'>fabularum</span> <span class='ocrx_word' id='word_1_317' title='bbox 1437 2867 1653 2914; x_wconf 89' lang='lat' dir='ltr'>editores</span> <span class='ocrx_word' id='word_1_318' title='bbox 1700 2880 1782 2914; x_wconf 83' lang='lat' dir='ltr'>ex·</span> 
     </span>
    </p>
   </div>
  </div>
 </body>
</html>
