2022 3126
136 1102 226 1153 ΑΙ.

696 571 1214 626 ΕΥΡΙΠΙΔΟΥ

562 737 1382 810 ΙΚΕΤΙΔΕΣ.

788 933 1114 942 -.------

314 1095 572 1166 Δήμητερ
597 1087 836 1166 ἑστιοῦχ’·
856 1092 1162 1160 Ἐλευσῖνος
1183 1103 1387 1166 χθονος

314 1177 470 1250 τῆσδ’
498 1184 556 1235 οἵ
572 1201 630 1235 τε
652 1176 822 1244 ναοῦς
846 1185 992 1251 ἔχετε
1017 1179 1319 1251 πρόσπολοι
1343 1185 1496 1251 θεᾶς,

319 1261 670 1335 εὐδαιμονεῖν
694 1287 761 1335 με
787 1267 968 1336 Θησέα
993 1287 1051 1320 τε
1074 1261 1225 1320 παῖδ’
1260 1263 1395 1335 ἐμὸν

317 1348 480 1404 πόλιν
502 1346 550 1404 τ’
573 1346 828 1420 Ἀθηνῶν
855 1347 956 1419 τήν
979 1373 1037 1405 τε
1059 1350 1313 1414 Πιτθέως
1336 1348 1531 1420 χθόνα,

318 1436 378 1488 ἐν
401 1425 436 1505 ᾗ
459 1455 526 1504 με
548 1435 762 1505 θρέψας
785 1431 992 1505 ὀλβίοις
1017 1437 1077 1490 ἐν
1101 1433 1350 1505 δώμασιν
1757 1453 1781 1492 5

315 1526 541 1590 Αἴθραν
564 1516 739 1590 πατὴρ
766 1523 961 1574 δίδωσι
985 1525 1058 1594 τῷ
1080 1522 1393 1583 Πανδίονος

317 1609 482 1671 Αἰγεῖ
503 1602 750 1674 δάμαρτα
774 1606 977 1670 Λοξίου
999 1603 1392 1674 μαντεύμασιν.

314 1697 388 1757 εἰς
411 1692 575 1748 τάσδε
599 1694 704 1763 γὰρ
730 1688 959 1763 βλέψασ’
981 1690 1295 1762 ἐπηυξάμην
1318 1692 1448 1747 τάδε

311 1782 510 1847 γραῦς,
541 1784 603 1833 αἳ
620 1782 879 1832 λιποῦσαι
904 1773 1112 1848 δώματ’
1135 1774 1380 1848 Ἀργείας
1409 1776 1610 1847 χθονὸς

317 1865 495 1932 ἱκτῆρι
520 1867 710 1936 θαλλῷ
735 1859 1129 1930 προσπίτνουσ’
1160 1859 1291 1932 ἐμὸν
1319 1860 1458 1932 γόνυ
1727 1877 1778 1920 10

312 1945 491 2011 πάθος
516 1952 799 2001 παθοῦσαι
825 1946 1038 2002 δεινόν·
1065 1943 1207 2017 ἀμφὶ
1232 1944 1335 2017 γὰρ
1362 1945 1536 2011 πύλας

309 2030 541 2101 Κάδμου
565 2031 859 2086 θανόντων
883 2030 1015 2087 ἑπτὰ
1039 2036 1315 2101 γενναίων
1337 2032 1548 2086 τέκνων

311 2113 537 2180 ἄπαιδές
567 2121 733 2186 εἰσιν,
759 2113 857 2181 οῦς
879 2113 1000 2171 ποτ’
1024 2112 1288 2186 ’Λργείων
1314 2112 1446 2181 ἅναξ

298 2196 597 2270 Ἄδραστος
625 2196 809 2271 ἤγαγ’,
840 2205 1079 2256 Οἰδίπου
1107 2207 1447 2271 παγκληρίας

310 2286 473 2354 μέρος
496 2297 784 2354 κατασχεῖν
809 2285 1018 2356 φυγάδι
1040 2289 1372 2340 Πολυνείκει
1396 2285 1583 2339 θέλων
1725 2301 1777 2341 15

311 2374 555 2443 γαμβρῷ.
611 2368 845 2440 νεκροὺς
868 2369 930 2425 δὲ
952 2367 1081 2433 τοὺς
1104 2365 1376 2434 ὀλωλότας
1401 2371 1526 2439 δορὶ

310 2457 489 2518 θάψαι
515 2454 746 2509 θέλουσι
770 2458 946 2509 τῶνδε
970 2455 1195 2525 μητέρες
1216 2458 1407 2524 χθονί·

313 2545 559 2608 εἴργουσι
584 2535 636 2592 δ’
666 2542 723 2593 οἰ
740 2544 1068 2610 κρατοῦντες
1093 2534 1218 2593 οὐδ’
1248 2534 1534 2608 ἀναίρεσιν

313 2627 509 2677 δοῦναι
533 2624 793 2693 θέλουσι,
818 2620 1006 2694 νόμιμ’
1036 2619 1305 2690 ἀτίζοντες
1328 2628 1497 2678 θεῶν.

311 2705 501 2761 κοινὸν
526 2707 587 2762 δὲ
612 2706 821 2778 φόρτον
843 2703 1024 2763 ταῖσδ’
1053 2712 1191 2777 ἔχων
1213 2712 1398 2779 χρείας
1426 2710 1556 2778 ἐμῆς
1723 2720 1777 2762 20

296 2788 599 2861 Ἀδραστος
623 2788 767 2864 ὄμμα
792 2792 1064 2863 δάκρυσιν
1088 2793 1300 2865 τέγγων
1322 2788 1419 2848 ὅδε

312 2887 511 2945 κεῖται,
538 2875 599 2931 τό
623 2873 672 2931 τ’
703 2882 856 2947 ἔγχος
878 2876 979 2946 τήν
1002 2899 1060 2932 τε
1084 2876 1523 2948 δυστυχεστάτην

1419 2955 1526 3007 24*
