2022 3126
202 107 299 160 172
914 107 1161 154 ΕΚΑΒΗ

392 247 513 306 ἀλλ’
545 245 669 321 ἕρπ’
698 250 751 313 ἐς
777 256 992 312 οἴκους·
1026 248 1119 302 καὶ
1143 247 1248 318 γὰρ
1269 246 1508 320 Ἀργεῖοι
1529 252 1674 304 νεῶν

392 341 557 390 λῦσαι
586 338 867 389 ποθοῦσιν
893 329 1072 389 οἴκαδ’
1101 334 1161 387 ἐκ
1193 338 1393 404 Τροίας
1418 331 1588 389 πόδα·
1764 348 1871 390 1020

392 417 463 485 ὡς
487 419 666 475 πάντα
691 417 896 491 πράξας
923 419 1003 473 ὠν
1027 436 1088 472 σε
1113 421 1203 472 δεῖ
1210 424 1464 490 ,στείχῃς
1487 417 1655 474 πάλιν

390 504 491 572 ξυν
517 505 709 560 παισὶν
733 504 906 577 οὗπερ
931 502 1030 558 τὸν
1053 500 1187 574 ἐμὸν
1212 500 1411 577 ᾤκισας
1436 502 1621 574 γόνον.

209 598 317 647 XO.
391 587 548 645 ούπω
581 590 853 660 δέδωκας,
882 585 1003 643 ἀλλ’
1040 598 1169 653 ἴσως
1200 588 1389 652 δω’σεις
1422 592 1607 658 δίκην·

393 673 657 746 άλίμενόν
681 696 761 738 τις
787 671 859 739 ὡς
886 679 960 738 εἰς
987 670 1190 728 ἄντλον
1214 670 1401 728 πεσών
1764 686 1872 729 1025

393 762 605 831 λέχριος
630 763 853 815 ἐκπεσεῖ
875 765 1040 830 φίλας
1066 762 1314 829 καρδίας,

391 843 628 917 ἄμέρσας
657 851 800 917 βίον.
827 842 888 899 τὸ
920 842 1024 929 γάρ
1055 840 1343 915 ὑπέγγυον

390 937 540 1004 Δίκα
564 932 657 986 καὶ
687 938 906 985 θεοῖσιν
933 930 999 984 οὐ
1020 935 1333 1031 συμπίτνει,
1765 943 1876 986 1030

394 1014 657 1089 ὀλέθριον
681 1013 947 1086 ὀλέθριον
974 1014 1164 1070 κακόν.

390 1102 587 1168 ψεύσει
613 1097 666 1156 σ’
697 1098 835 1156 ὁδοῦ
860 1097 1019 1171 τῆσδ’
1048 1101 1200 1165 ἐλπὶς
1228 1097 1263 1171 ἥ
1289 1098 1342 1155 σ’
1375 1098 1651 1172 ἐπήγαγεν

391 1187 705 1257 θανάσιμον
729 1184 867 1257 πρὸς
896 1182 1112 1255 Ἀίδαν,
1142 1187 1182 1240 ὦ
1209 1186 1398 1251 τάλας·

393 1270 651 1346 άπολέμῳ
684 1270 744 1326 δε
768 1272 910 1342 χειρὶ
934 1276 1141 1336 λείψεις
1171 1276 1314 1343 βίον.

202 1365 385 1413 HAM.
415 1355 579 1429 ὤμοι,
606 1362 925 1428 τυφλοῦμαι
952 1358 1153 1427 φέγγος
1179 1354 1439 1427 ὀμμάτων
1465 1355 1644 1421 τάλας.
1768 1369 1876 1412 1035

205 1449 316 1498 XO.
423 1439 684 1515 ἠκούσατ’
715 1438 920 1514 ἀνδρὸς
947 1440 1165 1515 Θρῃκὸς
1191 1441 1468 1513 οἰμωγήν,
1496 1446 1683 1512 φίλαις

203 1536 386 1584 HAW.
418 1526 554 1600 ω’μοι
580 1524 707 1599 μάλ’
740 1519 940 1598 αὖθις,
969 1528 1162 1598 τέκνα,
1191 1526 1471 1598 δυστήνου
1501 1531 1734 1598 σφαγῆς.

206 1621 316 1670 XO.
420 1620 594 1685 φίλαι,
623 1615 931 1685 πέπρακται
955 1609 1094 1668 καίν’
1125 1618 1228 1668 ἒσω
1255 1612 1442 1684 δόμων
1466 1611 1624 1667 κακά.

203 1707 386 1755 HAM.
415 1696 537 1755 ἀλλ’
566 1695 687 1754 οὔτι
713 1697 785 1770 μὴ
813 1698 1028 1771 φύγητε
1053 1704 1307 1774 λαιψηρῷ
1335 1702 1492 1753 ποδί·

391 1785 614 1856 βάλλων
638 1781 742 1855 γὰρ
770 1792 941 1839 οἴκων
965 1781 1133 1839 τῶνδ’
1165 1781 1454 1855 άναρρήξω
1479 1781 1703 1855 μυχούς.
1766 1795 1877 1837 1040

206 1877 318 1926 XO.
394 1870 548 1940 ἰδού,
577 1875 805 1941 βαρείας
826 1867 1008 1941 χειρὸς
1035 1866 1267 1941 ὁρμᾶται
1291 1871 1464 1941 βέλος.

392 1952 664 2027 βούλεσθ’
697 1957 1138 2026 ἐπεισπέσωμεν;
1165 1951 1237 2019 ὥς
1262 1952 1406 2025 ἀκμὴ
1434 1959 1594 2008 καλεῖ

384 2038 584 2113 Ἑκάβῃ
607 2052 866 2108 παρεῖναι
899 2039 1153 2114 Τρῳάσιν
1176 2062 1233 2094 τε
1257 2038 1592 2110 συμμάχους.

205 2132 317 2182 ΕΚ.
393 2123 628 2198 ἄρασσε,
655 2129 857 2196 φείδου
882 2127 1084 2197 μηδέν,
1111 2124 1397 2197 ἐκβάλλων
1422 2123 1624 2189 πύλας·

396 2208 463 2267 ού
489 2211 592 2283 γάρ
619 2207 740 2265 ποτ’
771 2207 917 2282 ὄμμα
944 2208 1198 2282 λαμπρον
1225 2210 1481 2281 ἐνθήσεις
1506 2209 1715 2281 κόραις,
1770 2222 1879 2264 1045

397 2294 463 2352 οὐ
489 2301 689 2360 παῖδας
714 2292 839 2361 όψει
863 2301 1067 2364 ζωντας
1093 2292 1192 2361 οὓς
1217 2293 1416 2351 ἔκτειν’
1448 2294 1572 2366 ἐγω.

210 2389 320 2438 XO.
396 2374 427 2454 ἧ
458 2380 562 2454 γὰρ
588 2388 844 2447 καθεῖλες
869 2387 1061 2454 Θρῇκα
1085 2383 1178 2436 καὶ
1166 2394 1420 2483 κρατεῖς
1444 2383 1625 2451 ξένου,

397 2469 686 2537 δέσποινα,
719 2468 812 2522 καὶ
837 2468 1108 2537 δέδρακας
1132 2462 1324 2539 οἷάπερ
1350 2468 1556 2536 λέγεις·
1543 2509 1557 2532 ,

208 2559 317 2609 ΕΚ.
394 2550 519 2618 ὄψει
545 2577 634 2609 νιν
665 2549 850 2607 αὐτίκ’
885 2550 1020 2607 ὄντα
1046 2552 1316 2623 δωμάτων
1341 2551 1514 2623 πάρος

396 2635 612 2708 τυφλὸν
647 2644 840 2712 τυφλῷ
865 2643 1147 2708 στείχοντα
1173 2635 1483 2710 παραφόρω
1513 2640 1662 2706 ποδί,
1774 2648 1881 2690 1050

398 2727 618 2778 παίδων
642 2745 698 2778 τε
725 2727 933 2778 δισσῶν
956 2720 1197 2793 σώμαθ’,
1227 2718 1324 2786 οὓς
1347 2718 1546 2776 ἔκτειν’
1581 2723 1688 2792 ἐγώ

396 2807 503 2863 σὺν
531 2820 645 2872 ταῖς
671 2804 920 2879 ἀρίσταις
954 2807 1232 2882 Τρῳάσιν·
1261 2811 1425 2878 δίκην
1449 2808 1514 2862 δέ
1537 2828 1628 2876 μοι

396 2895 630 2948 δέδωκε”
657 2906 828 2965 χωρεῖ
849 2890 924 2963 δ’,
952 2890 1023 2957 ὡς
1049 2889 1210 2966 ὁρᾷς,
1238 2888 1323 2948 ὅδ’
1355 2894 1414 2947 ἐκ
1439 2889 1644 2962 δόμων.
