2022 3126
78 571 206 621 ME.

687 80 1146 131 ΑΝΔΡΟΜΑΧΗ
1664 72 1726 123 57

271 227 532 294 μόχθους,
562 222 659 286 οὕς
678 222 818 290 ἀμφὶ
854 226 1058 289 Τροίαν
1650 230 1732 271 305

271 311 507 372 δεκέτεις
531 303 803 374 ἀλάληντο
827 304 943 357 νέοι
967 301 1188 371 λόγχαις
1203 318 1213 327 ·

269 396 396 464 λέχη
419 389 458 447 τ’
489 386 634 462 ἔρημ’
665 384 734 443 ἂν
759 383 951 444 οὔποτ’
982 387 1315 454 ἐξελείπετο,

268 480 361 534 καὶ
386 477 590 532 τεκέων
613 470 852 543 ὀρφανοὶ
874 473 1146 542 γέροντες.

268 560 382 634 ἥκω
409 557 597 631 λαβὼν
620 557 721 613 σὸν
745 553 920 625 παῖδ’,
949 551 1015 610 ὃν
1041 559 1118 618 είς
1142 550 1341 616 ἄλλους
1367 551 1570 621 δόμους

266 647 450 718 λάθρᾳ
472 641 753 714 θυγατρὸς
776 647 869 711 τῆς
894 643 1023 711 ἐμῆς
1047 636 1342 703 ὑπεξέθου.
1655 649 1738 688 310

267 732 327 788 σὲ
349 730 450 802 μὲν
474 727 579 799 γὰρ
606 724 793 799 ηὔχεις
819 729 956 789 θεᾶς
980 725 1175 794 βρέτας
1199 720 1402 776 σώσειν
1425 719 1568 777 τόδε.

267 821 464 871 τοῦτον
489 815 549 869 δὲ
573 810 702 876 τοὺς
725 810 1045 881 κρύψαντας
1062 826 1073 836 ·
1112 803 1224 862 ἀλλ’
1259 806 1570 877 ἐφηυρέθης

269 893 440 972 ἧσσον
465 903 751 969 φρονοῦσα
776 898 941 950 τοῦδε
964 894 1258 961 Μενέλεω,
1286 891 1468 961 γύναι.

268 992 355 1041 κεί
376 983 448 1055 μὴ
473 979 593 1038 τόδ’
624 976 905 1037 ἐκλιποῦσ’
935 976 1232 1049 ἐρημώσεις
1257 977 1446 1044 πέδον,

272 1067 359 1126 ὅδ’
390 1066 513 1123 ἀντὶ
537 1073 634 1122 τοῦ
660 1072 763 1122 σοῦ
792 1064 1039 1134 σώματος
1066 1060 1424 1132 σφαγήσεται.
1659 1072 1742 1113 315

272 1151 415 1211 ταῦτ’
448 1145 552 1208 οὖν
584 1157 831 1222 λογίζου,
859 1149 1063 1217 πότερα
1087 1155 1394 1202 κατθανεῖν
1417 1147 1601 1207 θέλεις

273 1236 306 1312 ἢ
330 1235 482 1295 τόνδ’
514 1234 745 1293 ὀλέσθαι
771 1241 867 1305 σῆς
894 1231 1159 1304 ἁμαρτίας
1189 1227 1351 1301 ὕπερ,

270 1321 342 1397 ἣν
368 1329 444 1388 είς
469 1319 543 1394 ἔμ’
579 1330 656 1386 εἰς
680 1343 738 1375 τε
763 1316 918 1374 παῖδ’
949 1316 1086 1388 ἐμὴν
1111 1313 1456 1386 ἁμαρτάνεις.

83 1416 206 1465 ΑΝ.
273 1403 316 1464 03³
338 1409 469 1474 δόξα
496 1407 654 1474 δόξα,
684 1411 935 1476 μυρίοισι
960 1401 1027 1472 δὴ
1053 1406 1271 1471 βροτῶν

277 1491 446 1550 οὐδὲν
471 1496 670 1563 γεγῶσι
695 1495 884 1560 βίοτον
910 1484 1173 1557 ώγκωσας
1197 1488 1386 1556 μέγαν.
1665 1495 1748 1538 320

278 1575 501 1634 εὔκλεια
535 1573 586 1631 δ’
617 1570 696 1639 οἷς
719 1572 820 1645 μὲν
845 1569 946 1628 ἔστ’
978 1569 1244 1641 ἀληθείας
1273 1566 1400 1635 ἄπο,

277 1661 668 1733 εὐδαιμονίζω·
706 1656 836 1723 τοὺς
861 1663 894 1712 δ
902 1655 914 1674 '
944 1654 1052 1713 ἀπὸ
1085 1659 1314 1719 ψευδῶν
1339 1658 1485 1722 ἔχειν

277 1745 378 1804 οὐκ
403 1745 618 1813 ἀξιώσω
653 1742 798 1814 πλὴν
831 1740 965 1797 οσον
996 1744 1183 1794 δοκεῖν
1213 1736 1403 1808 μόνον.

277 1832 347 1889 σὺ
373 1831 441 1902 δὴ
466 1834 789 1900 στρατηγῶν
813 1825 1044 1897 λογάσιν
1067 1822 1344 1894 Ελλήνων
1370 1843 1501 1877 ποτε

284 1922 488 1988 Τροίαν
513 1913 749 1985 ἀφείλου
773 1917 1059 1981 Πρίαμον,
1094 1909 1204 1964 ωδε
1232 1913 1447 1980 φαῦλος
1473 1902 1583 1970 ών;
1670 1918 1751 1960 325

278 2019 425 2067 οστις
448 1996 732 2071 θυγατρὸς
757 1994 1079 2059 ἀντίπαιδος
1104 1997 1163 2050 ἐκ
1189 1993 1372 2063 λόγων

278 2082 502 2143 τοσόνδ’
533 2091 805 2147 ἔπνευσας
830 2082 922 2138 καὶ
949 2080 1178 2151 γυναικὶ
1202 2084 1468 2147 δυστυχεῖ

281 2172 454 2244 δούλη
477 2171 739 2240 κατέστης
766 2173 842 2232 εἰς
866 2190 898 2221 α
902 2182 1060 2236 γων
1101 2161 1204 2219 οὐκ
1231 2160 1362 2229 ἀξιῶ

282 2253 390 2312 ουτ’
420 2256 525 2311 οὐν
549 2255 609 2310 σε
642 2258 840 2326 Τροίας
866 2248 995 2306 ούτε
1020 2255 1123 2304 σοῦ
1156 2253 1360 2319 Τροίαν
1387 2252 1481 2302 ε”.τι

289 2341 519 2410 [ἔξωθέν
545 2344 687 2395 εἰσιν
711 2341 769 2393 oc
789 2341 1086 2398 δοκοῦντες
1112 2335 1176 2389 εὐ
1201 2345 1436 2404 φρονεῖν
1673 2341 1756 2383 330

284 2431 553 2498 λαμπροί,
579 2423 645 2480 τὰ
669 2420 723 2479 δ’
753 2425 918 2478 ἔνδον
941 2425 1110 2475 πᾶσιν
1138 2415 1461 2489 ἀνθρώποις
1491 2424 1616 2483 ἴσοι,

285 2508 430 2582 πλὴν
457 2518 580 2566 εἴτι
603 2507 850 2582 πλούτῳ·
912 2510 1075 2561 τοῦτο
1107 2500 1158 2558 δ’
1190 2502 1368 2573 ἰσχύει
1392 2503 1567 2573 μέγα]

286 2595 571 2663 Μενέλαε,
599 2595 736 2664 φέρε
760 2590 828 2662 δὴ
857 2587 1280 2660 διαπεράνωμεν
1305 2586 1507 2657 λόγους
1525 2604 1535 2613 ·

286 2680 530 2750 τέθνηκα
553 2684 618 2751 τῇ
644 2683 713 2750 σῇ
737 2677 981 2748 θυγατρὶ
1004 2679 1104 2729 καί
1122 2670 1170 2744 μ’
1199 2670 1450 2728 ἀπώλεσε
1466 2689 1476 2699 ·

288 2763 589 2834 μιαιφόνον
612 2764 714 2834 μὲν
737 2758 911 2817 οὐκέτ’
938 2756 1006 2814 ἀν
1030 2757 1203 2830 φύγοι
1233 2757 1420 2828 μύσος,
1678 2763 1760 2805 335>

290 2849 351 2903 ἐν
373 2860 483 2911 τοῖς
507 2847 568 2902 δὲ
591 2853 812 2910 πολλοῖς
834 2846 928 2900 καὶ
952 2842 1021 2900 σὺ
1046 2839 1199 2898 τόνδ’
1229 2839 1454 2910 ἀγωνιεῖ
