2022 3126
482 85 818 131 ΗΡΑΚΛΗΣ
851 84 1354 133 ΜΑΙΝΟΜΕΝΟΣ

294 228 453 295 μέτα,
484 223 855 287 κατθανόντες
878 220 916 277 τ’

298 316 374 374 εἰς
397 307 571 381 αὐγὰς
595 308 760 362 πάλιν
787 304 948 362 αλιόυ

296 392 518 457 δισσοὺς
541 389 609 447 ἂν
636 398 768 463 ἔβαν
793 390 1070 459 διαύλους,

298 475 331 533 ἁ
357 478 648 548 δυσγένεια
675 473 726 531 δ’
757 473 937 531 ἁπλᾶν
967 471 1036 529 ἂν

298 562 406 632 εἶχε
433 568 568 629 ζωᾶς
592 560 800 632 βιοταν,

296 648 386 701 καὶ
410 643 542 700 τωδ’
573 647 643 717 ἠν
667 644 792 709 τούς
816 667 872 699 τε
898 641 1103 709 κακοὺς
1126 669 1192 701 αν

296 736 506 802 γνῶναι
531 731 620 785 καὶ
646 752 774 794 τους
799 726 1065 800 αγαθούς,

300 824 421 870 ἴσον
445 811 518 869 ἅτ’
549 817 608 869 ἐν
632 815 955 884 νεφέλαισιν
981 811 1046 868 ἅ-

297 918 479 971 στρων
501 898 728 963 ναύταις
754 895 991 969 ἀριθμὸς
1021 899 1188 953 πέλει.

298 990 406 1039 νῦν
431 980 482 1039 δ’
511 981 696 1047 οὐδεὶς
721 979 847 1053 ὅρος
873 985 931 1038 ἐκ
957 989 1110 1037 θεῶν

296 1080 547 1139 χρηστοῖς
570 1065 701 1122 οὐδὲ
726 1080 912 1131 κακοῖς
937 1067 1132 1138 σαφής,

297 1150 416 1207 ἀλλ’
447 1150 816 1222 εἱλισσόμενός
839 1175 919 1217 τις
943 1157 1030 1207 αι’-

298 1235 378 1292 ὠν
403 1242 645 1292 πλοῦτον
670 1235 844 1307 μόνον
868 1233 1038 1303 αὔξει.

299 1319 366 1376 οὐ
392 1322 669 1391 παύσομαι
700 1319 793 1385 τὰς
818 1321 1056 1391 Χάριτας

258 1442 266 1449 ·
299 1406 553 1471 Μούσαις
577 1406 1039 1476 συγκαταμιγνύς,

300 1486 528 1546 ἁδίσταν
551 1495 834 1560 συζυγίαν.

299 1574 371 1646 μὴ
398 1575 538 1650 ζῴην
561 1571 669 1645 μετ’
699 1571 982 1645 ἀμουσίας,

302 1664 409 1719 αίεὶ
439 1659 492 1716 δ’
528 1664 585 1716 ἐν
617 1662 964 1732 στεφάνοισιν
996 1670 1129 1730 εἵην.

301 1749 379 1799 ἔτι
404 1765 486 1798 τοι
511 1744 692 1813 γε’ρων
717 1739 902 1807 ἀοιδὸς

302 1831 526 1883 κελαδεῖ
544 1827 957 1899 Λίναμοσύναν·

305 1918 383 1968 ἔτι
406 1911 508 1968 τὰν
523 1909 856 1984 “Ηρακλεόυς

301 2002 621 2053 καλλίνικον
645 1994 812 2052 ἀείδω

302 2081 449 2153 παρά
471 2104 530 2137 τε
553 2081 796 2154 Βρόμιον
819 2080 1109 2136 οἰνοδόταν

302 2166 449 2239 παρά
471 2189 529 2221 τε
552 2168 742 2236 χέλυος
771 2165 1072 2222 ἑπτατόνου

303 2249 520 2321 μολπαν
542 2274 635 2306 και
656 2256 840 2322 Λίβυν
862 2247 1064 2306 αυλόν·

304 2330 459 2390 ούπω
484 2335 906 2405 καταπαύσομεν

301 2418 557 2490 ιΜούσας,
589 2423 651 2474 αἴ
669 2416 716 2490 μ’
744 2418 1057 2490 ἐχόρευσαν.

300 2509 508 2558 παιᾶνα
535 2505 636 2575 μὲν
659 2502 933 2575 Δηλιάδες

305 2585 532 2658 ὑμνοῦο)
560 2587 702 2660 ἀμφὶ
725 2586 903 2660 πυρὰς
932 2587 1030 2642 τὸν

308 2679 524 2738 Λατοῦς
554 2671 790 2728 εὔπαιδα
821 2672 988 2743 γόνον

311 2760 649 2812 εἱλίσσουσαι
671 2763 1025 2827 καλλίχορον·

619 2854 702 2898 673
717 2876 776 2883 --
793 2853 879 2898 686
900 2867 965 2886 Ξ
994 2853 1078 2898 687
1094 2874 1154 2881 --
1168 2851 1254 2897 700

1655 81 1754 131 345

1675 237 1756 280 660

1678 1078 1762 1124 670·

1563 1339 1678 1388 στρ.

1683 1501 1765 1545 675

1686 2344 1769 2387 685

1564 2524 1683 2556 avt.
