2022 3126
214 105 318 157 100

912 105 1179 153 BAKXAI

401 249 606 322 λύπης,
633 242 767 301 ὅταν
792 249 1120 318 πλησθῶσιν
1144 243 1392 316 ἀμπέλου
1418 247 1565 317 ῥοῆς,

400 332 581 391 ῧπνον
604 352 662 386 τε
686 329 868 401 λήθην
890 335 1002 385 τῶν
1026 326 1149 384 καθ’
1177 327 1388 402 ἡμέραν
1411 336 1601 386 κακῶν

402 424 663 486 δίδωσιν,
688 411 813 470 οὐδ’
843 412 942 471 ἔστ’
974 411 1106 469 ἄλλο
1131 415 1426 488 φάρμακον
1452 415 1657 472 πόνων.

399 496 559 568 οὗτος
582 510 766 557 θεοῖσι
789 501 1081 556 σπένδεται
1105 498 1237 565 θεὸς
1262 500 1454 573 γεγώς,

400 586 539 645 ῶστε
563 584 655 642 διὰ
678 590 876 640 τοῦτον
900 580 1091 657 τάγάθ’
1123 581 1458 657 ἀνθρώπους
1484 591 1645 659 ἔχειν.
1787 598 1867 643 285

397 676 491 730 καὶ
514 676 817 743 καταγελᾷς
839 693 959 739 νιν,
993 665 1065 734 ῶς
1091 670 1370 743 ἐνερράφη
1395 669 1534 738 Διὸς

397 764 581 834 μηρῶς
611 755 811 822 διδάξω
837 751 888 810 σ’
918 752 991 820 ῶς
1013 761 1193 820 καλῶς
1219 761 1327 827 ἔχει
1353 756 1496 812 τόδε.

399 848 523 901 ἐπεί
544 866 634 898 νιν
659 836 862 913 ἤρπασ’
894 843 953 896 ἐκ
978 838 1153 913 πυρὸς
1178 847 1481 913 κεραυνίου

396 929 561 999 Ζεύς,
590 932 665 993 εἰς
690 924 743 982 δ’
767 923 1057 997 Ὄλυμπον
1081 927 1288 999 βρέφος
1314 924 1622 999 ἀνήγαγεν,
1647 924 1787 982 θεὸν

383 1011 529 1087 ’Ἡρα
559 1036 651 1069 νιν
674 1008 827 1083 ἤθελ’
856 1013 1111 1083 ἐκβαλεῖν
1135 1009 1220 1067 ἀπ’
1251 1009 1499 1083 ούρανοῦ
1516 1031 1527 1042 ·
1787 1025 1869 1069 290

398 1098 540 1165 Ζεὺς
563 1095 616 1154 δ’
647 1093 1118 1169 ἀντεμηχανήσαθ’
1149 1092 1237 1153 οἶα
1263 1096 1331 1168 δὴ
1358 1097 1507 1163 θεός.

400 1185 562 1257 ῥήξας
585 1185 749 1256 μέρος
772 1205 823 1238 τι
848 1188 947 1238 τοῦ
975 1179 1127 1253 χθόν’
1159 1184 1610 1255 ἐγκυκλουμένου

401 1271 655 1343 αἰθέρος,
683 1274 852 1339 ἔθηκε
877 1265 1029 1323 τόνδ’
1059 1264 1269 1340 ὅμηρον
1297 1267 1550 1334 ἐκδιδοὺς

396 1348 864 1425 ΔιόνυσονἽτῙρας
887 1352 1143 1408 νεικέων·
1170 1352 1351 1427 χρόνῳ
1380 1355 1445 1409 δέ
1465 1376 1556 1409 νιν

398 1441 588 1513 βροτοὶ
610 1442 895 1511 τραφῆναί
916 1453 1087 1509 φασιν
1113 1439 1172 1492 ἐν
1201 1443 1356 1513 μηρῷ
1378 1438 1533 1509 Διός,
1784 1451 1869 1496 295

399 1523 575 1597 ὄνομα
598 1522 1055 1597 μεταστήσαντες,
1084 1518 1168 1578 ὅτι
1193 1529 1301 1597 θεᾷ
1325 1523 1458 1589 θεὸς

383 1608 528 1685 ρἨρςι
553 1606 677 1666 ποθ’
709 1605 1023 1680 ῶμήρευσε,
1051 1609 1354 1674 συνθέντες
1372 1609 1556 1680 λόγον.

396 1695 587 1769 μάντις
617 1693 669 1750 δ’
700 1691 728 1751 ὃ
756 1698 970 1766 δαίμων
994 1689 1116 1749 ὅδε·
1148 1691 1207 1749 τὸ
1234 1691 1340 1766 γὰρ
1366 1694 1738 1766 βακχεύσιμον

393 1782 486 1837 καὶ
512 1778 572 1836 τὸ
599 1783 870 1852 μανιῶδες
901 1778 1173 1850 μαντικὴν
1197 1778 1408 1851 πολλὴν
1436 1786 1570 1851 ἔχει·

398 1864 531 1923 ὅταν
553 1864 659 1937 γὰρ
685 1862 713 1921 ὁ
737 1862 871 1929 θεὸς
896 1869 971 1929 εἰς
997 1863 1057 1920 τὸ
1083 1862 1211 1936 σῶμ’
1243 1871 1382 1938 ἔλθῃ
1407 1865 1598 1935 πολύς,
1782 1878 1865 1920 300

395 1953 578 2023 λέγειν
603 1949 662 2007 τὸ
693 1951 893 2022 μέλλον
917 1949 1046 2015 τοὺς
1070 1949 1378 2021 μεμηνότας
1403 1963 1565 2006 ποιεῖ.

381 2034 590 2110 Ἀρεῶς
615 2059 672 2091 τε
698 2048 897 2107 μοῖραν
921 2034 1246 2107 μεταλαβών
1271 2041 1380 2107 ἔχει
1404 2036 1553 2091 τινά·

397 2119 633 2195 στρατὸν
656 2120 759 2192 γὰρ
787 2123 847 2176 ἐν
871 2116 1060 2186 ὅπλοις
1086 2118 1218 2176 ὄντα
1244 2117 1378 2177 κάπὶ
1401 2121 1582 2188 τάξεσι

405 2207 579 2280 φόβος
605 2205 896 2276 διεπτόησε
921 2208 1053 2275 πρὶν
1078 2206 1275 2278 λόγχης
1299 2215 1513 2278 θιγεῖν·

395 2299 562 2365 μανία
589 2292 649 2348 δὲ
672 2293 764 2348 καὶ
789 2288 928 2346 τοῦτ’
959 2293 1071 2346 ἐστὶ
1095 2291 1382 2348 Διονύσου
1407 2291 1570 2363 πάρα.
1781 2303 1864 2347 305

397 2376 460 2434 ἔτ’
491 2376 664 2433 αὐτὸν
688 2374 813 2441 ὄψει
836 2373 970 2431 κάπὶ
993 2383 1272 2448 Δελφίσιν
1297 2378 1518 2449 πέτραις

395 2467 656 2534 πηδῶντα
680 2461 787 2519 σὺν
812 2461 1069 2517 πεύκαισι
1095 2462 1404 2534 δικόρυφον
1430 2461 1626 2531 πλάκα,

395 2547 672 2603 πάλλοντα
697 2549 789 2603 καὶ
814 2552 1032 2603 σείοντα
1056 2554 1325 2618 Βακχεῖον
1348 2547 1570 2617 κλάδον,

395 2633 568 2703 μέγαν
592 2630 628 2687 τ’
660 2629 737 2687 ἄν’
759 2629 952 2688 Ἑλλάδ
959 2629 993 2686 ’.
1031 2629 1142 2687 ἀλλ’
1171 2635 1319 2704 ἐμοί,
1346 2637 1575 2688 Πενθεῦ
1594 2673 1609 2703 ,
1634 2636 1809 2686 πιθοῦ
1825 2649 1835 2660 ·

396 2715 468 2788 μὴ
494 2716 553 2773 τὸ
579 2718 773 2788 κράτος
797 2715 953 2789 αὔχει
978 2717 1218 2788 δύναμιν
1243 2714 1563 2789 ἀνθρώποις
1591 2721 1752 2787 ἔχειν,
1776 2728 1859 2773 310

395 2800 523 2874 μηδ’
554 2799 624 2874 ἦν
652 2807 818 2875 δοκῇς
841 2804 969 2874 μέν,
995 2800 1028 2874 ἡ
1059 2801 1120 2858 δὲ
1144 2802 1274 2869 δόξα
1297 2820 1399 2858 σου
1424 2806 1595 2874 νοσῇ,

398 2900 631 2961 φρονεῖν
656 2887 808 2944 δόκει
839 2907 915 2943 τι·
949 2886 1046 2944 τὸν
1072 2885 1212 2943 θεὸν
1236 2885 1285 2943 δ’
1317 2894 1392 2955 εἰς
1415 2893 1522 2962 γῆν
1545 2889 1711 2961 δέχου
