2022 3126
247 67 349 118 346
661 68 997 114 HPAKAHZ
1023 68 1528 117 ΜΑΙΝΟΜΕΝΟΣ
1570 59 1576 63 ’

439 216 673 272 παιᾶνας
700 205 750 263 δ’
783 209 872 264 ἐπὶ
895 221 1009 272 σοῖς
1032 208 1331 280 μελάθροις

439 294 643 358 κύκνος
669 289 740 357 (ὃς
764 294 944 363 γέρων
968 290 1156 357 άοιδός

440 384 641 435 πολιᾶν
667 380 723 432 ἐκ
749 378 969 447 γενύων

437 462 722 532 κελαδήσω
739 481 749 490 ·
775 461 835 517 τὸ
861 461 963 533 γὰρ
992 454 1055 517 εὖ

438 562 548 614 τοῖς
573 545 831 618 ὕμνοισιν
857 545 1106 618 ὑπάρχει,
1825 564 1909 607 ⁶95

436 634 572 699 Διὸς
598 629 626 688 ὁ
652 645 801 697 παῖς·
829 631 888 687 τὸ
917 637 947 687 δ
957 630 968 649 ²
1000 630 1253 703 εὐγενίας

437 722 591 783 κλέος
615 714 981 788 ὑπερβάλλων
1006 715 1210 790 [άρετᾷ]

436 803 718 874 μοχθήσας
743 802 840 857 τὸν
865 800 1080 873 ἄκυμον

435 895 614 959 θῆκεν
639 893 829 959 βίοτον
851 894 1070 959 βροτοῖς

437 975 638 1043 πέρσας
663 977 890 1043 δείματα
914 979 1126 1044 θηρῶν.
1826 985 1909 1031 700

249 1064 413 1115 AYK.
442 1064 517 1123 εἰς
543 1056 740 1129 καιρὸν
764 1065 951 1127 οἴκων,
974 1055 1356 1129 Ἀμφιτρύων,
1387 1060 1486 1123 ἔξω
1512 1063 1684 1132 περᾷς

437 1143 632 1213 χρόνος
657 1141 761 1213 γὰρ
787 1139 892 1213 ἤδη
920 1141 1086 1214 δαρὸς
1109 1146 1161 1209 ἐξ
1187 1138 1317 1196 ὅτου
1348 1144 1574 1208 πέπλοις

438 1236 737 1298 κοσμεῖσθε
762 1233 917 1297 σῶμα
942 1229 1033 1282 καὶ
1060 1232 1278 1298 νεκρῶν
1303 1223 1626 1298 ἀγάλμασιν.

438 1310 558 1368 ἀλλ’
591 1311 700 1382 εἶα,
728 1317 926 1377 παῖδας
949 1313 1041 1368 καὶ
1066 1308 1310 1382 δάμαρθ’
1330 1308 1662 1381 (Ηρακλέους

443 1401 541 1464 ἔξω
570 1399 761 1452 κέλευε
787 1402 964 1452 τῶνδε
990 1404 1294 1467 φαίνεσθαι
1320 1396 1525 1468 δόμων,
1825 1411 1908 1454 705

439 1480 517 1553 ἐφ’
548 1478 628 1547 οἷς
653 1480 901 1553 ὑπέστητ’
933 1480 1365 1554 αὐτεπάγγελτοι
1390 1491 1606 1538 θανεῖν.

253 1575 381 1623 ΑΜ.
438 1566 601 1637 άναξ,
632 1568 847 1632 διώκεις
875 1591 911 1638 μ
951 1565 1160 1632 αθλίως
1185 1568 1501 1639 πεπραγότα

438 1650 605 1723 ύβριν
630 1651 690 1708 θ’
721 1650 960 1724 ὑβρίζεις
985 1654 1074 1708 ἐπὶ
1096 1657 1339 1707 θανοῦσι
1362 1665 1476 1717 τοῖς
1501 1656 1674 1723 ἐμοῖς·

439 1761 471 1792 α
496 1743 633 1845 χρῆν
660 1756 720 1794 σε
743 1745 1003 1809 μετρίως,
1029 1743 1118 1793 κεί
1137 1749 1383 1808 κρατεῖς,
1408 1736 1662 1809 σπουδὴν
1688 1742 1847 1808 ἔχειν.

442 1826 558 1878 ε’πεὶ
584 1821 635 1877 δ’
668 1821 916 1894 ἀνάγκην
947 1829 1253 1893 προστίθης
1278 1819 1411 1893 ἡμῖν
1435 1831 1652 1892 θανεῖν,
1826 1835 1908 1880 710

439 1910 692 1978 στέργειν
721 1906 953 1980 ἀνάγκη,
989 1909 1258 1979 δραστέον
1282 1903 1340 1960 θ’
1366 1904 1400 1962 ἃ
1429 1910 1516 1963 σοὶ
1542 1912 1709 1963 δοκεῖ.

250 1997 415 2046 AYK.
443 1999 550 2047 ποῦ
578 1997 713 2063 δῆτα
731 1993 996 2063 ,Μεγάρας
1023 1999 1133 2047 ποῦ
1157 1989 1295 2047 τέκν’
1320 1988 1625 2064 Ἀλκμήνης
1649 1992 1851 2064 γόνους

249 2082 380 2131 ΑΜ.
435 2081 580 2132 δοκῶ
604 2078 704 2148 μὲν
729 2075 929 2148 αὐτήν,
957 2074 1029 2142 ὣς
1051 2076 1313 2147 θύραθεν
1339 2077 1567 2147 εἰκάσαι,

248 2167 415 2216 AYK.
443 2168 501 2216 τί
517 2169 722 2233 χρῆμα;
751 2162 909 2233 δόξης
933 2159 1087 2232 τῆσδ’
1117 2167 1255 2232 ἔχεις
1278 2163 1601 2233 τεκμήριον;

248 2253 381 2300 AM.
439 2250 608 2302 ἱκέτιν
634 2246 770 2315 πρὸς
795 2244 983 2318 ἁγνοῖς
1010 2249 1188 2310 ἑστίας
1212 2247 1446 2303 θάσσειν
1470 2248 1706 2319 βάθροις
1825 2259 1905 2302 715

247 2337 414 2385 AYK.
442 2329 683 2403 ἀνόνητά
710 2329 751 2403 γ’
783 2332 1141 2387 ἱκετεύουσαν
1166 2334 1401 2388 ἐκσῶσαι
1426 2338 1569 2404 βίον.

248 2422 381 2470 ΑΜ.
436 2419 527 2472 καὶ
550 2416 647 2473 τὸν
670 2417 918 2473 θανόντα
942 2414 984 2488 γ’
1014 2415 1312 2473 ἀνακαλεῖν
1336 2419 1512 2489 μάτην
1535 2416 1700 2473 πόσιν
1710 2462 1714 2471 ,-

248 2505 414 2555 AYK.
437 2498 467 2555 ὃ
497 2499 546 2557 δ’
579 2500 645 2557 ού
673 2503 937 2572 πάρεστιν
963 2499 1095 2557 οὐδὲ
1119 2500 1191 2572 μὴ
1219 2503 1358 2576 μόλῃ
1383 2504 1529 2558 ποτέ.

248 2591 382 2639 AM.
439 2584 567 2655 οὔκ,
597 2596 651 2643 εἴ
677 2612 739 2659 γε
768 2589 842 2660 μή
871 2611 948 2653 τις
979 2593 1129 2643 θεῶν
1161 2586 1483 2658 ἀναστήσειέ
1508 2611 1611 2643 νιν.

249 2675 414 2724 AYK.
441 2671 606 2742 χώρει
631 2671 768 2742 πρὸς
789 2668 965 2743 αὐτὴν
990 2672 1082 2725 καὶ
1106 2669 1279 2742 κόμιζ’
1309 2674 1369 2727 ἐκ
1395 2671 1679 2742 δωμάτων.
1825 2683 1909 2727 720

252 2761 384 2808 AM.
438 2758 658 2827 μέτοχος
687 2752 755 2811 α”ν
782 2765 901 2826 εἵην
925 2761 1023 2811 τοῦ
1053 2754 1234 2827 φόνου
1259 2756 1463 2827 δράσας
1486 2755 1628 2811 τόδε.

253 2845 416 2894 AYK.
444 2837 623 2911 ἡμεῖς,
650 2839 841 2913 ἐπειδὴ
867 2841 952 2896 σοὶ
975 2837 1089 2896 τόδ’
1119 2838 1219 2896 ἔστ’
1248 2842 1538 2911 ἐνθύμιον,
