2022 3126
83 794 179 857 ΔΙ.

805 73 1059 121 ΒΑΚΧΑΙ
1627 71 1723 124 109

268 211 462 282 διαβας
478 209 656 277 Ἀξιὸν
681 214 845 265 είλισ-

270 298 501 367 σομένας
523 295 818 358 Μαινάδας
843 292 973 363 ἄξει,
1641 311 1723 357 570

268 385 486 436 Λυδίαν
507 402 590 448 τε,
617 377 714 434 τὸν
737 378 1087 452 εὐδαιμονίας

266 471 482 537 βροτοῖς
508 461 811 533 ὀλβοδόταν

269 551 473 621 πατέρα
499 570 582 617 τε,
607 546 704 602 τὸν
730 553 927 603 ἔκλυον

271 631 507 689 εὔιππον
537 632 722 703 χώραν
746 628 947 687 ὕδασιν

270 723 603 773 καλλίστοισι
629 722 916 771 λιπαίνειν,
1645 731 1726 775 575

270 802 352 872 ιἰό,

270 884 445 942 κλύετ’
475 889 604 956 έμᾶς
627 883 803 940 κλύετ’
832 881 1022 954 αὐδᾶς,

272 970 334 1026 ἰώ
359 971 595 1040 Βάκχαι,
623 967 685 1023 ἕω
710 969 935 1039 Βάκχαι.

81 1062 196 1110 ΧΟ.
263 1061 344 1119 τίς
368 1051 494 1124 ὅδε,
529 1059 610 1118 τίς
645 1053 823 1109 πόθεν
859 1051 886 1108 ὁ
919 1055 1147 1118 κέλαδος
1182 1052 1287 1109 ἀνά
1311 1050 1358 1125 μ’
1388 1054 1645 1110 ἐκάλεσεν

82 1232 179 1280 ΔΙ.

82 1399 197 1448 ΧΟ.

83 2414 172 2463 ΔΙ

89 2583 184 2633 XO

829 1135 1008 1193 Εὐίου
1023 1165 1037 1206 ;

272 1223 334 1279 ἰώ
361 1223 453 1293 ἰώ,
480 1222 646 1278 πάλιν
672 1220 844 1292 αὐδῶ,
1648 1237 1730 1280 580

273 1306 300 1363 ὁ
327 1308 599 1378 Σεμέλας,
625 1304 653 1363 ὁ
680 1306 818 1371 Διὸς
841 1320 982 1372 παῖς.

269 1391 332 1448 lc&
365 1390 428 1447 ίώ
456 1394 690 1448 δέσποτα
717 1393 972 1461 δέσποτα,

269 1477 402 1548 μόλε
432 1499 541 1532 νυν
564 1473 832 1548 ημέτερον
862 1481 937 1540 εἰς

270 1567 501 1631 θίασον,
537 1561 577 1615 ὦ
603 1559 806 1634 Βρόμιε
835 1560 1055 1633 Βρόμιε.

273 1648 447 1702 πέδου
473 1644 678 1717 χθονὸς
702 1651 852 1702 ἔνοσι
876 1644 1088 1701 πότνια.
1650 1657 1732 1702 585

269 1723 303 1787 ἆ
327 1755 377 1801 α,

269 1816 400 1886 τάχα
422 1813 488 1869 τὰ
513 1816 777 1878 Πενθέως

272 1902 524 1972 μέλαθρα
548 1897 912 1965 διατινάξεται
935 1896 1255 1968 πεσήμασιν,

271 1982 298 2040 ὁ
322 1984 603 2049 Διόνυσος
633 1981 739 2038 ἀνα
763 1985 1042 2054 μέλαθρα·

271 2071 461 2140 σέβετέ
482 2092 589 2124 νιν.
637 2069 870 2140 σέβομεν
896 2064 954 2123 ω’.
1651 2080 1735 2122 590

277 2158 424 2210 ἴδετε
448 2176 514 2209 τα
539 2153 701 2208 λάινα
726 2157 946 2221 [κίοσιν]
932 2157 1176 2223 ]ἔμβολα

274 2239 547 2311 διάδρομα
568 2237 698 2293 τάδε
716 2256 726 2265 ·

273 2323 509 2395 Βρόμιος
534 2320 857 2389 ἄλαλάξεται
881 2322 1073 2392 στέγας
1099 2326 1222 2376 ἔσω.

274 2405 408 2463 ἅπτε
430 2429 729 2479 κεραυνιον
753 2415 963 2463 αἴθοπα
988 2405 1273 2476 λαμπάδα

274 2489 558 2564 σύμφλεγε
582 2492 866 2563 σύμφλεγε
891 2489 1113 2562 δώματα
1135 2490 1415 2554 Πενθέως.
1653 2499 1736 2545 595

274 2578 308 2631 ά
338 2570 388 2646 ἆ,

274 2666 385 2732 πῦρ
411 2659 479 2717 οὐ
504 2660 751 2726 λεύσσεις
775 2659 901 2717 οὐδ’
931 2657 1153 2730 αυγάζει

277 2747 521 2816 Σεμέλας
544 2743 698 2817 ι”ερὸν
723 2743 866 2817 ἀμφὶ
890 2744 1097 2816 τάφον,
1123 2740 1193 2798 ἅν

279 2851 408 2886 ποτε
431 2830 834 2902 κεραυνόβολος
858 2836 1009 2886 ἔλιπε
1033 2827 1215 2893 φλόγα
