2022 3126
242 73 341 126 160

242 224 354 272 XO.

239 2179 336 2228 ΘΕ

242 2435 356 2483 XO.

244 2605 353 2653 ΘΕ.

249 2775 341 2822 XO

952 76 1202 124 EKABH

425 217 546 288 ἐμοὶ
567 223 706 288 χρῆν
730 218 1044 288 συμφοράν,
1636 238 1753 293 στρ.

427 303 546 372 ἐμοὶ
573 307 710 374 χρῆν
734 301 988 372 πημονὰν
1013 302 1296 373 γενέσθαι,

419 383 623 442 Ἰδαίαν
647 382 739 442 ὅτε
761 392 980 458 πρῶτον
1005 383 1148 441 ὕλαν

421 468 777 542 Ἀλέξανδρος
802 476 1082 526 εἰλατίναν

426 553 673 627 ἐτάμεθ’,
701 552 857 611 ἅλιον
884 553 971 611 ἐπ’
1003 555 1165 626 οἶδμα
1190 557 1584 629 ναυστολήσων

419 638 636 704 Ἑλένας
664 642 753 696 ἐπὶ
778 642 1002 712 λέκτρα,
1033 639 1134 695 τὰν

426 732 726 782 καλλίσταν
751 723 778 781 ὁ
804 724 1126 797 χρυσοφαὴς

412 808 594 875 ’Ἅλιος
619 808 860 883 αὐγάζει.

427 896 590 953 πόνοι
614 895 720 968 γὰρ
746 896 840 951 καὶ
864 895 1054 951 πόνων
1672 894 1782 952 ἀντ.

425 980 664 1053 ἀνάγκαι
689 987 1006 1051 κρείσσονες
1029 986 1385 1036 κυκλοῦνται.

426 1065 620 1123 κοινὸν
645 1063 698 1121 δ’
727 1069 780 1132 ἐξ
807 1071 950 1130 ἰδίας
974 1062 1164 1131 ἀνοίας

427 1150 601 1208 κακὸν
625 1155 693 1224 τᾷ
715 1155 1049 1222 Σιμουντίδι
1074 1158 1145 1224 γᾷ

426 1236 692 1307 ὀλέθριον
719 1242 877 1307 ἔμολε
901 1236 1166 1307 συμφορά
1190 1233 1238 1291 τ’
1269 1233 1362 1291 ἀπ’
1394 1233 1592 1292 ἄλλων.

427 1325 627 1393 ἐκρίθη
655 1318 706 1375 δ’
739 1326 878 1391 ἔρις,
907 1317 976 1375 ἂν
1001 1319 1150 1377 ε’νἼ-

427 1411 498 1481 δᾳ
520 1411 701 1478 κρίνει
726 1403 951 1477 τρισσὰς
973 1404 1239 1479 μακάρων

427 1495 625 1555 παῖδας
649 1488 789 1562 ἀνὴρ
815 1490 1035 1562 βούτας,

427 1579 515 1633 ἐπὶ
542 1577 667 1647 δορὶ
689 1578 782 1631 καὶ
807 1576 964 1651 φόνῳ
988 1577 1081 1632 καὶ
1106 1579 1253 1647 ε’μῶν
1278 1575 1578 1648 μελάθρων
1602 1576 1781 1651 λώβα·

428 1664 608 1717 στένει
634 1662 696 1716 δὲ
720 1667 819 1717 καί
836 1684 917 1727 τις
943 1658 1085 1734 ἀμφὶ
1109 1658 1208 1717 τὸν
1235 1659 1434 1733 εὕροον
1457 1658 1732 1733 Εὐρώταν

427 1747 679 1802 Λάκαινα
704 1746 1123 1819 πολυδάκρυτος
1148 1750 1207 1802 ἐν
1233 1747 1423 1818 δόμοις
1447 1747 1603 1818 κόρα,

428 1831 624 1888 πολιόν
648 1829 696 1887 τ’
726 1833 815 1888 ἐπὶ
838 1837 1013 1903 κρᾶτα
1037 1831 1212 1903 μάτηρ

426 1919 638 1973 τέκνων
663 1916 958 1972 θανόντων

428 2008 644 2058 τίθεται
668 2003 799 2073 χέρα
827 2001 1135 2073 δρύπτεταί
1154 2024 1212 2057 τε
1237 2001 1491 2073 παρειάν,

430 2092 653 2158 δίαιμον
678 2083 852 2157 ὄνυχα
878 2087 1143 2158 τιθεμένα
1169 2099 1527 2158 σπαραγμοῖς.

429 2184 717 2244 γυναῖκες,
736 2169 935 2243 Ἑκάβη
964 2177 1072 2227 ποῦ
1099 2168 1232 2226 ποθ’
1263 2168 1296 2242 ἡ
1322 2176 1623 2239 παναθλία,

430 2255 462 2329 ἡ
489 2257 667 2313 πάντα
691 2254 891 2312 νικῶσ’
921 2252 1099 2327 άνδρα
1123 2258 1244 2312 καὶ
1238 2261 1426 2327 θῆλυν
1449 2257 1664 2328 σπορὰν

429 2355 713 2408 κακοῖσιν;
745 2339 930 2406 οὐδεις
954 2344 1231 2414 στέφανον
1256 2338 1671 2413 ἀνθαιρήσεται.

426 2435 483 2483 τί
502 2425 554 2482 δ’
562 2451 645 2497 ,ω
673 2427 903 2482 τάλαινα
926 2432 1023 2497 σῆς
1046 2426 1439 2497 κακογλωσσου
1463 2432 1622 2498 βοῆς;

433 2536 504 2577 ως
531 2509 739 2568 ουποθ’
772 2507 924 2568 ευδει
948 2512 1132 2583 λυπρά
1160 2529 1262 2568 σου
1287 2511 1628 2583 κηρύγματα.

419 2595 618 2670 Ἑκάβη
643 2598 797 2669 φέρω
822 2593 939 2652 τόδ’
969 2593 1157 2668 άλγος·
1188 2599 1247 2652 ἐν
1271 2608 1488 2652 κακοῖσι
1514 2595 1576 2652 δε

432 2705 498 2738 ου
526 2682 722 2755 ράδιον
745 2688 1029 2753 βροτοῖσιν
1055 2678 1329 2753 ευφημεῖν
1352 2681 1539 2753 στόμα.

427 2768 520 2822 καὶ
545 2766 655 2838 μὴν
680 2786 903 2838 περωσα
924 2767 1183 2839 τυγχάνει
1208 2766 1396 2838 δόμων
1420 2761 1528 2822 ἄπο

757 2865 839 2908 629
855 2887 915 2892 —
932 2864 1191 2909 637=638
1207 2886 1267 2893 —
1281 2864 1367 2909 646

1816 656 1898 699 635

1817 1080 1901 1124 640

1818 1420 1901 1463 645

1819 1676 1903 1720 650

1818 2014 1902 2058 655

1817 2352 1902 2397 661:
