2022 3126
236 93 337 146 372

249 1858 358 1909 XO.

904 90 1239 136 ΙΚΕΤΙΔΕΣ

425 235 633 290 στένων
657 237 946 301 στρατείαν
972 228 1041 302 ἣν
1067 237 1309 300 ἔπεμψεν
1333 232 1392 285 ἐκ
1421 228 1608 299 δόμων
1624 249 1634 259 ·

427 316 485 384 ὅς
511 314 567 389 μ’
597 315 876 388 ἐξοτρύνει
899 312 1053 371 παῖδ’
1084 312 1216 385 ἐμὸν
1243 327 1428 370 πεῖσαι
1452 320 1625 380 λιταῖς

424 409 640 474 νεκρῶν
665 400 928 473 κομιστὴν
951 397 985 471 ἢ
1011 400 1253 470 λόγοισιν
1280 396 1311 470 ἢ
1335 397 1500 472 δορὸς

427 488 580 560 ρῶμῃ
605 489 869 559 γενέσθαι
894 488 985 541 καὶ
1010 485 1190 557 τάφου
1214 490 1509 556 μεταίτιον,

427 573 598 645 μόνον
625 568 740 628 τόδ’
771 573 935 643 ἔργον
959 571 1278 641 προστιθεὶς
1303 572 1413 644 ἐμῷ
1439 570 1612 643 τέκνῳ

430 659 586 714 πόλει
613 655 659 712 τ’
683 654 956 728 Ἀθηνῶν.
1018 655 1272 727 τυγχάνω
1300 659 1334 710 δ
1341 652 1354 672 '
1384 651 1526 725 ὑπὲρ
1550 653 1755 724 χθονὸς

432 742 636 814 ἀρότου
663 738 978 813 προθύουσ’
1009 743 1068 796 ἐκ
1095 740 1283 812 δόμων
1309 735 1537 795 ἐλθοῦσ’
1566 741 1713 810 ἐμῶν

429 827 565 900 πρὸς
591 828 753 885 τόνδε
778 827 975 898 σηκόν,
1004 832 1144 881 ἔνθα
1168 830 1358 895 πρῶτα
1384 829 1640 895 φαίνεται

433 916 631 986 φρίξας
656 910 796 983 ὑπὲρ
822 918 919 984 γῆς
944 915 1109 982 τῆσδε
1133 910 1402 982 κάρπιμος
1429 908 1643 979 στάχυς.

432 998 636 1070 δεσμὸν
666 995 719 1054 δ’
749 995 989 1069 ἄδεσμον
1015 993 1167 1052 τόνδ’
1198 1001 1395 1066 ἔχουσα
1421 993 1702 1066 φυλλάδος

430 1086 576 1156 μένω
603 1082 739 1153 πρὸς
764 1080 957 1154 ἁγναῖς
982 1081 1232 1154 ἐσχάραις
1259 1084 1420 1136 δυοῖν
1444 1087 1610 1134 θεαῖν

429 1169 612 1240 Κόρης
635 1191 692 1223 τε
717 1170 809 1223 καὶ
833 1167 1125 1238 Δήμητρος
1141 1210 1154 1235 ,
1183 1170 1533 1235 οἰκτείρουσα
1559 1164 1659 1235 μὲν

432 1252 625 1318 πολιὰς
651 1251 888 1318 ἄπαιδας
912 1252 1076 1307 τάσδε
1101 1253 1334 1322 μητέρας
1358 1251 1587 1318 τέκνων,

431 1341 669 1411 σέβουσα
696 1335 747 1394 δ’
784 1336 904 1409 ἱερὰ
928 1333 1208 1408 στέμματ’.
1270 1343 1473 1405 οἴχεται
1498 1336 1562 1389 δέ
1581 1358 1673 1406 μοι

430 1426 602 1496 κῆρυξ
633 1422 770 1497 πρὸς
798 1420 933 1478 ἄστυ
961 1426 1129 1491 δεῦρο
1157 1422 1338 1491 Θησέα
1365 1424 1569 1488 καλῶν,

434 1508 506 1575 ῶς
528 1505 565 1581 ἦ
590 1508 649 1564 τὸ
675 1508 887 1564 τούτων
912 1505 1129 1578 λυπρὸν
1155 1507 1306 1577 ἐξέλῃ
1332 1502 1534 1575 χθονὸς

435 1591 471 1666 ἦ
499 1591 652 1650 τάσδ’
686 1591 928 1665 ἀνάγκας
954 1596 1192 1657 ἱκεσίους
1219 1591 1358 1663 λύσῃ
1389 1586 1560 1653 θεοὺς

432 1677 588 1736 ὅσιόν
612 1703 662 1734 τι
688 1679 918 1751 δράσας·
947 1677 1124 1733 πάντα
1150 1676 1253 1749 γὰρ
1281 1672 1355 1732 δι’
1385 1672 1635 1745 ἀρσένων

432 1766 652 1837 γυναιξὶ
675 1764 940 1835 πράσσειν
967 1763 1138 1832 εἰκός,
1164 1766 1366 1825 αἳτινες
1391 1764 1578 1830 σοφαί.

432 1850 658 1906 ἱκετεύω
684 1868 746 1906 σε
770 1848 964 1921 γεραιὰ
1708 1858 1823 1909 στρ.

433 1941 673 2007 γεραιῶν
698 1938 757 1990 ἐκ
783 1934 1084 2005 στομάτων,

436 2019 572 2092 πρὸς
595 2020 735 2091 γόνυ
761 2025 1037 2075 πίπτουσα
1062 2016 1121 2072 τὸ
1148 2017 1246 2072 σόν
1264 2035 1274 2044 ·

435 2102 540 2160 ἄνα
565 2128 658 2176 μοι
684 2106 846 2160 τέκνα
872 2109 1036 2158 λῦσαι
1061 2103 1355 2173 φθιμένων

440 2190 686 2260 νεκύων,
714 2196 771 2245 οἳ
790 2194 1183 2244 καταλείπουσι
1210 2187 1344 2257 μέλη

435 2276 661 2350 θανάτῳ
687 2281 973 2345 λυσιμελεῖ
991 2273 1197 2344 θηρσὶν
1221 2269 1450 2343 ὀρείοισι
1475 2267 1649 2340 βοράν
1665 2275 1677 2296 ·“

439 2357 681 2416 ἐσιδοῦ·σ’
718 2358 908 2430 οἰκτρὰ
931 2357 1031 2429 μὲν
1058 2355 1241 2412 ὅσσων
1711 2348 1825 2406 ἀντ.

445 2443 644 2515 δάκρυ’
675 2441 810 2516 ἀμφ’
839 2442 1156 2515 βλεφάροις,

442 2529 584 2601 ῥυσὰ
610 2531 669 2586 δὲ
698 2535 919 2599 σαρκῶν
943 2533 1151 2584 πολιῶν

444 2614 871 2686 καταδρύμματα
894 2618 1117 2684 χειρῶν·
1146 2618 1202 2668 τί
1222 2611 1354 2683 γάρ;
1381 2606 1414 2664 οἳ

449 2702 761 2771 φθιμένους
786 2704 983 2763 παῖδας
1008 2695 1170 2769 ἐμοὺς
1196 2694 1324 2752 οὔτε
1349 2693 1539 2766 δόμοις

444 2786 762 2856 προθέμαν,
789 2780 919 2840 οὔτε
943 2783 1135 2854 τάφων
1160 2779 1381 2852 χώματα
1411 2784 1569 2850 γαίας
1593 2778 1765 2846 ἐσορῶ

823 2882 878 2924 42
895 2901 954 2909 -
971 2880 1026 2922 47
1049 2899 1120 2920 =
1145 2880 1201 2920 48
1215 2900 1276 2907 --
1293 2878 1347 2920 53

1846 416 1901 458 25

1849 839 1904 882 30

1851 1263 1906 1306 35

1857 2109 1912 2150 45
