2022 3126
98 610 213 659 HA.

97 1788 207 1835 XO.

95 2462 212 2509 HA.

746 48 850 93 HA
853 47 1070 93 EKTPA

277 193 607 257 Μυκηναῖος
638 179 953 255 ὀρειβάτας·

285 268 537 340 ἀγγέλλει
563 265 615 325 δ’
645 265 729 323 ὅτι
756 274 863 323 νῦν
884 274 1086 337 τριταίο

284 377 352 408 αν
375 354 751 424 καρύσσουσιν
775 357 985 407 θυσίαν

278 435 537 507 Ἀργεῖοι,
565 442 731 491 πᾶσαι
756 436 818 491 δὲ
844 432 975 505 παρ’
994 431 1097 490 “H-

285 544 388 591 ραν
410 523 706 591 μέλλουσιν
729 521 1066 590 παρθενικαὶ
1095 525 1342 589 στείχειν.

288 601 390 659 οὐκ
415 602 500 659 ἐπ’
528 601 804 674 ἀγλαΐαις,
832 610 1006 674 φίλαι,

281 691 471 758 θυμὸν
496 685 619 744 οὐδ’
650 690 738 743 ἐπὶ
760 689 1011 759 χρυσέοις

282 769 534 843 ὅρμοισιν
557 772 863 843 πεπόταμαι

283 855 517 926 τάλαιν’,
543 854 667 911 οὐδ’
698 860 887 911 ἱστᾶσα
908 855 1106 927 χοροὺς

282 937 542 1011 Ἀργείαις
567 938 675 1010 ἅμα
698 941 943 1011 νύμφαις

283 1023 520 1079 εἱλικτὸν
543 1024 764 1095 κρούσω
791 1022 918 1079 πόδ’
948 1026 1093 1095 ἐμόν.

282 1108 516 1180 δάκρυσι
535 1109 750 1181 νυχεύω
769 1151 782 1177 ,
811 1110 1072 1179 δακρύων
1097 1111 1161 1164 δέ
1187 1132 1278 1180 μοι
1303 1112 1451 1180 μέλει

279 1196 494 1266 δειλαίᾳ
515 1193 575 1247 τὸ
599 1190 718 1248 κατ’
742 1185 907 1264 ἆμαρ.

279 1279 478 1342 σκέψαι
501 1300 608 1347 μου
633 1277 874 1347 πιναρὰν
897 1278 1074 1348 κόμαν

281 1362 374 1415 καὶ
396 1362 566 1431 τρύχη
591 1359 712 1416 τάδ’
741 1365 886 1432 ἐμῶν
911 1364 1149 1431 πέπλων,

282 1451 333 1499 εἰ
353 1443 616 1515 πρέποντ’
647 1443 1047 1516 Ἀγαμέμνονος

280 1529 459 1602 κούρα
486 1527 637 1585 ”σται
660 1536 911 1603 βασιλεία

281 1620 348 1685 τᾷ
382 1619 550 1687 Τροία
573 1611 656 1684 θ’,
682 1611 716 1668 ἂ
737 1612 865 1685 ’μοῦ
891 1616 1119 1685 πατέρος

279 1699 552 1768 μέμναταί
575 1696 710 1754 ποθ’
740 1696 962 1753 ἁλοῦσα.

278 1782 486 1852 μεγάλα
513 1783 669 1846 θεός·
697 1780 819 1837 ἀλλ’
850 1791 952 1852 ἴθι,
1517 1782 1633 1839 ἀντ.

279 1867 371 1920 καὶ
395 1863 524 1937 παρ’
554 1870 686 1938 ἐμοῦ
709 1873 906 1938 χρῆσαι
930 1867 1222 1937 πολύπηνα
1247 1868 1426 1940 φάρεα
1451 1872 1615 1923 δῦναι

282 1949 488 2022 χρύσεά
511 1973 568 2006 τε
591 1950 772 2022 χάρισι
806 1948 1108 2021 προθήματ’
1138 1949 1378 2022 ἀγλαΐας.

281 2039 462 2100 δοκεῖς
484 2048 622 2090 τοῖσι
651 2048 766 2100 σοῖς
790 2035 1070 2106 δακρύοις,

279 2117 352 2189 μὴ
376 2125 583 2189 τιμῶσα
607 2117 804 2190 θεούς,
829 2119 1034 2191 κρατή-

280 2220 398 2257 σειν
423 2206 669 2275 ἑχθρῶνς
695 2202 848 2259 οῧτοι
872 2217 1174 2275 στοναχαῖς,

281 2283 403 2341 ἀλλ’
434 2285 646 2357 εὐχαῖσι
669 2287 841 2352 θεοὺς
865 2295 1019 2360 σεβί-

281 2369 429 2437 ζουσ’
458 2374 594 2437 ἕξεις
619 2370 942 2443 εὐαμερίαν,
972 2365 1014 2427 ῶ
1039 2383 1151 2428 παῖ.

285 2452 470 2520 οὐδεὶς
493 2463 647 2512 θεῶν
672 2455 869 2521 ἐνοπὰς
893 2457 1050 2512 κλύει

281 2544 375 2602 τᾶς
400 2544 793 2611 δυσδαίμονος,
819 2538 886 2596 οὗ
912 2548 1111 2596 παλαι-

282 2628 361 2676 ῶν
384 2623 587 2694 πατρὸς
610 2631 990 2696 σφαγιασμῶν.

279 2715 424 2776 οἴμοι
448 2715 546 2762 τοῦ
571 2709 990 2781 καταφθιμένου

280 2796 380 2846 τοῦ
405 2814 464 2846 τε
487 2798 684 2859 ζῶντος
709 2791 895 2859 ἀλάτα,

1641 41 1739 93 247

1663 197 1745 240 170

1666 620 1747 664 175

1664 1040 1744 1082 180

1665 1379 1743 1420 185

1664 1798 1743 1840 190

1662 2221 1743 2262 195
