2022 3126
693 105 1154 154 ANAPOMAXH
1653 101 1720 151 69

71 255 194 306 ΠΗ.
260 258 433 321 οἴμοι,
457 243 589 303 καθ’
614 240 831 299 Ἑλλάδ’
862 240 935 307 ὡς
961 248 1143 306 κακῶς
1169 248 1471 312 νομίζεται·

254 331 388 389 ὅταν
411 341 647 403 τροπαῖα
675 333 953 399 πολεμίων
976 326 1146 398 στήσῃ
1171 325 1417 396 στρατός,

258 416 325 473 οὐ
349 422 460 471 τῶν
487 412 815 470 πονούντων
842 409 1082 482 τοῦργον
1105 408 1373 481 ἡγοῦνται
1397 410 1540 480 τόδε,
1640 425 1722 467 695

259 498 377 557 ἀλλ’
406 497 434 554 ὁ
463 496 764 569 στρατηγὸς
786 495 888 567 τὴν
913 496 1144 566 δόκησιν
1170 493 1423 565 ἅρνυται,

258 583 318 650 ὃς
343 580 418 649 εἷς
441 581 558 654 μετ’
589 580 773 637 ἄλλων
796 587 1015 653 μυρίων
1039 580 1264 634 πάλλων
1295 579 1452 651 δόρυ,

258 667 425 725 οὐδὲν
450 670 619 723 πλέον
647 672 799 739 δρῶν
823 664 946 730 ἑνὸς
973 671 1081 736 ἔχει
1106 670 1278 719 πλείω
1303 663 1485 735 λόγον.

257 755 447 825 σεμνοὶ
472 750 524 807 δ’
554 755 613 807 ἐν
637 750 824 822 ἀρχαῖς
847 747 1040 820 ἥμενοι
1061 747 1199 804 κατὰ
1223 748 1414 804 πτόλιν

258 843 531 910 φρονοῦσι
559 837 737 908 δήμου
761 842 972 906 μεῖζον,
999 831 1153 898 ὄντες
1178 830 1404 898 οὐδένες
1421 852 1431 861 ·
1644 848 1726 890 700

259 922 309 978 οἳ
338 920 392 977 δ’
428 923 568 977 εἰσὶν
591 919 777 976 αὐτῶν
801 926 981 993 μυρίῳ
1007 918 1330 990 σοφώτεροι,

264 1013 316 1062 εί
335 1007 506 1078 τόλμα
530 1007 889 1077 προσγένοιτο
913 1004 1178 1076 βούλησίς
1202 1000 1262 1058 θ’
1293 1001 1418 1074 ἅμα.

261 1089 333 1156 ὥς
356 1093 449 1146 καὶ
476 1090 545 1146 σὺ
571 1091 665 1155 σός
689 1088 737 1145 τ’
769 1088 1008 1161 ἀδελφὸς
1034 1090 1411 1159 ἐξωγκωμένοι

266 1182 436 1250 Τροία
463 1177 719 1246 κάθησθε
743 1181 807 1247 τῇ
833 1173 883 1230 τ’
914 1179 1030 1230 ἐκεῖ
1049 1179 1364 1246 στρατηγία,

258 1262 553 1332 μόχθοισιν
577 1258 761 1315 ἄλλων
785 1263 876 1315 καὶ
901 1260 1092 1324 πόνοις
1118 1261 1429 1329 ἐπηρμένοι.
1645 1272 1727 1314 705

266 1348 426 1412 δείξω
452 1343 504 1400 δ’
535 1345 642 1416 ἐγώ
666 1364 751 1401 σοι
778 1345 850 1416 μὴ
877 1344 974 1400 τὸν
992 1342 1189 1399 Ἰδαῖον
1206 1343 1390 1413 Πάριν

261 1429 408 1501 ἥσσω
431 1437 675 1501 νομίζειν
700 1433 927 1501 Πηλέως
956 1429 1160 1499 ἐχθρόν
1184 1450 1330 1497 ποτε,

259 1521 308 1570 εί
328 1514 400 1586 μὴ
429 1524 637 1586 φθερεῖ
654 1512 807 1585 τῆσδ’
838 1512 910 1579 ὡς
934 1511 1140 1585 τάχιστ’
1170 1511 1276 1568 ἀπὸ
1303 1514 1495 1584 στέγης

265 1602 357 1655 καὶ
381 1613 506 1664 παῖς
530 1597 780 1669 ἄτεκνος,
806 1596 877 1669 ἣν
901 1596 988 1654 ὅδ’
1022 1601 1073 1664 ἐξ
1098 1595 1256 1669 ἡμῶν
1281 1596 1457 1667 γεγώς

262 1688 358 1758 ἐλᾷ
384 1682 450 1739 δι’
478 1693 648 1740 οἴκων
671 1681 838 1739 τῶνδ’
867 1683 1169 1747 ἐπισπάσας
1192 1682 1362 1754 κόμης
1380 1701 1390 1709 ·
1649 1695 1730 1738 710

262 1766 540 1841 ἣστερρὸς
570 1764 711 1825 οὖσα
742 1769 942 1840 μόσχος
973 1768 1075 1825 οὐκ
1105 1768 1351 1835 ἀνέξεται

260 1860 543 1918 τίκτον-τας
567 1849 794 1922 ἄλλους,
822 1849 925 1908 οὐκ
952 1849 1136 1923 ἐ’χουσ’
1167 1849 1306 1923 αὐτὴ
1334 1852 1514 1906 τέκνα.

262 1936 382 1993 ἀλλ’
415 1944 465 1993 εί
487 1937 547 1993 τὸ
573 1944 758 2009 κείνης
784 1942 1050 2008 δυστυχεῖ
1070 1941 1287 1992 παίδων
1310 1938 1452 2005 πέρι,

262 2020 496 2088 ἄπαιδας
520 2021 659 2094 ἡμᾶς
686 2027 777 2078 δεῖ
794 2029 1127 2093 καταστῆναι
1153 2024 1391 2088 τέκνων;

265 2114 578 2179 φθείρεσθε
601 2112 797 2179 τῆσδε,
824 2112 1029 2179 δμῶες,
1059 2105 1131 2172 ὡς
1155 2103 1224 2162 ἂν
1251 2106 1475 2178 ἐκμάθω
1651 2117 1732 2163 715

265 2200 319 2247 εἴ
335 2200 418 2257 τίς
440 2216 507 2263 με
531 2193 688 2248 λύειν
711 2197 876 2263 τῆσδε
900 2192 1141 2248 κωλύσει
1164 2194 1342 2262 χέρας.

263 2282 452 2346 ἔπαιρε
476 2277 714 2349 σαυτήν·
744 2301 816 2342 ως
841 2275 946 2349 ἐγω
971 2283 1169 2348 καίπερ
1194 2279 1411 2348 τρέμων

264 2361 546 2427 πλεκτὰς’
523 2363 766 2433 ιμάντων
791 2366 1093 2434 στροφίδας
1123 2361 1467 2432 ἐξανήσομαι.

270 2438 368 2501 ωδ’
376 2470 459 2516 ,ω
487 2448 712 2502 κάκιστε
724 2444 921 2518 ,τῆσδ’
952 2448 1207 2518 ἐλυμήνω
1232 2449 1421 2517 χέρας;

265 2529 454 2600 βοῦν
429 2555 462 2602 η
489 2530 664 2588 λε”οντ
692 2529 910 2604 ἤλπιζες
937 2535 1201 2588 ἐντείνειν
1226 2532 1477 2604 βρόχοις;
1651 2542 1732 2586 720

270 2609 305 2684 ἢ
328 2615 400 2686 μὴ
425 2619 582 2688 ξίφος
605 2616 838 2688 λαβοῦσ’
868 2615 1214 2688 ἀμυνάθοιτό
1238 2633 1299 2672 σε

279 2703 298 2719 ,,
541 2705 566 2721 η
769 2699 1036 2720 22222
1136 2702 1148 2717 ι

263 2782 463 2844 ξύλλυε
493 2789 662 2857 δεσμὰ
693 2790 918 2857 μητρός·
959 2790 1018 2840 ἐν
1041 2793 1195 2860 Φθίᾳ
1220 2783 1270 2840 σ’
1301 2784 1407 2857 ἐγω

265 2869 459 2933 θρέψω
482 2871 654 2939 μέγαν
677 2868 853 2926 τοῖσδ’
883 2872 1103 2941 ἐχθρόν.
1135 2877 1186 2927 εἰ
1207 2868 1259 2926 δ’
1289 2868 1437 2940 ἀπῆν
1461 2867 1622 2939 δορὸς
