2022 3126
758 98 1180 144 ΙΠΠΟΛΥΤΟΣ
1669 94 1767 145 445

308 243 360 292 εἰ
378 236 482 307 γὰρ
508 235 627 292 κατ’
658 234 860 307 ἀνδρὸς
886 242 1076 307 βίοτον
1104 236 1478 307 ἐξογκῶσεται,

309 318 337 376 ὁ
364 319 417 375 δ’
445 319 673 391 ὕστερος
695 325 793 376 τοῦ
817 320 1067 391 πρόσθεν
1092 326 1168 385 εἰς
1189 317 1506 392 ὑπερβολὴν

308 411 618 477 πανοῦργος
642 410 818 474 ἔσται,
844 413 1025 460 θεοῖσι
1049 411 1382 475 προσβαλεῖν
1404 406 1567 474 χθονὶ
1683 419 1766 462 940

310 486 484 561 ἄλλην
514 489 697 560 δεήσει
720 501 911 559 γαῖαν,
938 485 974 559 ἢ
994 488 1297 560 χωρήσεται

307 572 436 638 τοὺς
459 571 531 644 μὴ
558 578 805 637 δικαίους
830 575 921 628 καὶ
944 571 1150 637 κακοὺς
1174 572 1507 644 πεφυκότας.

306 660 589 723 σκέψασθε
618 656 668 712 δ’
700 662 775 721 είς
805 653 979 727 τόνδ’,
1006 654 1153 721 ὅστις
1178 660 1229 723 ἐξ
1254 660 1387 728 ἐμοῦ
1411 655 1585 728 γεγῶς

305 739 510 814 ᾔσχυνε
535 739 676 812 τάμὰ
700 743 899 812 λέκτρα
923 738 1298 812 κάξελέγχεται

304 825 441 896 πρὸς
466 832 561 897 τῆς
582 825 867 896 θανούσης
895 828 1151 896 ἐμφανῶς
1173 826 1426 890 κάκιστος
1451 823 1543 881 ῶν.
1683 841 1765 884 945

310 914 490 976 δεῖξον
515 908 590 980 δ’,
616 910 804 981 ἐπειδή
836 907 890 981 γ’
921 916 995 975 είς
1018 907 1210 980 μίασμ’
1239 910 1508 981 ἐλήλυθα,

305 994 364 1049 τὸ
390 993 490 1050 σὸν
518 994 814 1065 πρόσωπον
839 991 996 1065 δεῦρ’
1025 997 1277 1049 ἐναντίον
1301 1001 1480 1064 πατρί.

312 1077 382 1134 σύ
407 1078 475 1149 δὴ
501 1087 719 1134 θεοῖσιν
740 1075 812 1142 ῶς
836 1076 1094 1150 περισσὸς
1120 1074 1199 1133 ῶν
1223 1075 1362 1148 ἀνὴρ

304 1163 486 1233 ξύνει;
513 1162 582 1218 σὺ
608 1162 852 1234 σώφρων
877 1164 969 1217 καὶ
999 1169 1186 1217 κακῶν
1210 1159 1506 1236 ἆκήρατοςς

304 1244 407 1302 οὐκ
432 1244 500 1302 ἂν
528 1252 797 1317 πιθοίμην
819 1259 961 1301 τοῖσι
986 1259 1101 1311 σοῖς
1123 1245 1354 1318 κόμποις
1379 1247 1485 1319 ἐγώ
1682 1264 1764 1307 950

303 1341 485 1388 θεοῖσι
507 1333 773 1403 προσθεὶς
798 1328 1046 1402 ἀμαθίαν
1070 1345 1301 1403 φρονεῖν
1324 1339 1518 1398 κακῶς.

305 1413 412 1487 ἤδη
436 1439 544 1472 νυν
567 1412 723 1486 αὔχει
746 1413 939 1481 καὶ,δι’
970 1412 1187 1486 ἀψύχου
1217 1422 1386 1488 βορᾶς

304 1505 473 1566 σίτοις
496 1498 785 1572 καπήλευ’,
806 1498 1008 1571 Ὀρφέα
1031 1501 1083 1555 τ’
1110 1497 1301 1556 ἄνακτ’
1332 1507 1471 1572 ἔχων

306 1585 542 1657 βάκχευε
571 1590 791 1641 πολλῶν
814 1584 1149 1656 γραμμάτων
1169 1608 1344 1656 τιμων
1368 1586 1636 1652 καπνούς·

305 1674 427 1725 ἐπεί
448 1668 501 1741 γ’
530 1669 794 1741 ἐλήφθης.
817 1668 946 1734 τοὺς
970 1669 1030 1725 δὲ
1053 1669 1337 1735 τοιούτους
1362 1669 1466 1742 ἐγῶ
1680 1687 1762 1730 955

305 1754 537 1826 φεύγειν
561 1759 842 1825 προφωνῶ
867 1759 1024 1810 πᾶσι·
1047 1755 1356 1825 θηρεύουσι
1379 1754 1484 1827 γὰρ

304 1853 524 1910 σεμνοῖς
550 1839 822 1909 λόγοισιν,
850 1838 1045 1909 αἰσχρά
1069 1838 1468 1910 μηχανώμενοι.

302 1926 575 1994 τέθνηκεν
598 1920 698 1994 ἥδε
714 1941 725 1950 ·
750 1922 914 1979 τοῦτό
940 1920 993 1978 σ’
1022 1923 1285 1979 ἐκσῶσειν
1309 1928 1515 1990 δοκεῖς;

301 2012 360 2064 ἐν
385 2006 517 2082 τῷδ’
546 2006 757 2063 ἁλίσκει
781 2014 1063 2077 πλεῖστον,
1091 2001 1135 2063 ῶ
1160 2009 1381 2064 κάκιστε
1405 2008 1475 2064 σύ
1491 2028 1502 2037 ·

303 2106 450 2148 ποῖοι
472 2092 576 2164 γὰρ
608 2090 763 2163 ὅρκοι
787 2098 1131 2163 κρείσσονες,
1155 2099 1301 2158 τίνες
1325 2093 1478 2164 λόγοι
1680 2106 1763 2151 960

304 2175 464 2246 τῆσδ’
493 2173 562 2232 ἂν
584 2175 823 2247 γένοιντ’
852 2174 948 2247 ἄν,
977 2174 1115 2232 ὥστε
1139 2176 1191 2232 σ’
1221 2183 1403 2233 αι’τίαν
1428 2191 1662 2248 φυγεῖν;

307 2274 488 2331 μισεῖν
511 2279 572 2316 σε
597 2261 790 2333 φήσεις
812 2262 977 2333 τήνδε
1001 2263 1094 2316 καὶ
1118 2260 1177 2316 τὸ
1204 2260 1272 2332 δὴ
1295 2261 1472 2317 νόθον

304 2359 416 2410 τοῖς
440 2352 718 2417 γνησίοισι
742 2348 1006 2417 πολέμιον
1031 2349 1340 2416 πεφυκέναι
1355 2364 1366 2374 ·

305 2429 480 2500 κακὴν
505 2427 595 2501 ἄρ’
623 2428 797 2501 αὐτὴν
822 2436 1061 2501 ἔμπορον
1083 2436 1210 2501 βιόυ
1235 2432 1427 2500 λέγεις,

305 2520 355 2569 εἰ
375 2519 675 2588 δυσμενείᾳ
699 2521 767 2587 σῇ
791 2513 856 2570 τὰ
882 2511 1090 2586 φίλτατ’
1119 2512 1341 2570 ῶλεσεν.
1679 2530 1761 2573 965

307 2596 426 2653 ἀλλ’
456 2597 528 2664 ῶς
551 2599 612 2655 τὸ
636 2605 824 2671 μῶρον
847 2596 1116 2671 ἀνδράσιν
1139 2599 1241 2671 μὲν
1262 2596 1365 2655 οὐκ
1389 2605 1489 2669 ἔνι,

305 2686 520 2754 γυναιξὶ
546 2682 603 2739 δ’
632 2685 979 2756 ἐμπέφυκεν;
1004 2682 1092 2739 οἶδ
1098 2680 1111 2701 ’
1139 2681 1244 2755 ἐγώ
1267 2685 1428 2748 νέους

305 2765 472 2824 οὐδὲν
495 2774 779 2839 γυναικῶν
802 2765 964 2833 ὄντας
987 2766 1448 2840 ἆσφαλεστέρους,

305 2848 436 2908 ὅταν
459 2853 659 2926 ταράξῃ
685 2852 903 2924 Κύπρις
923 2850 1150 2923 ἡβῶσαν
1174 2854 1351 2924 φρένα
1366 2871 1377 2881 ·
