2022 3126
521 95 860 142 ΗΡΑΚΛΗΣ
891 98 1392 146 ΜΑΙΝΟΜΕΝΟΣ
1694 101 1795 151 363

145 240 263 288 ΘΗ.
336 233 440 304 ἐγώ
468 234 528 289 δὲ
559 234 781 304 πάσχων
807 227 871 290 εὖ
895 234 1005 291 τότ’
1034 243 1284 307 οἰκτείρω
1308 258 1369 294 σε
1392 246 1514 295 νῦν.
1697 253 1798 295 1237

142 324 257 372 ΗΡ.
327 317 541 387 οἰκτρὸς
565 319 667 389 γάρ
695 324 802 389 εἰμι
826 317 948 390 τᾶμ’
979 319 1303 388 ἀποκτείνας
1326 324 1504 379 τέκνα.
1693 337 1799 379 1236

144 408 262 456 ΘΗ.
332 408 502 457 κλαίω
529 402 688 473 χάριν
712 403 815 474 σὴν
842 402 930 474 ἐφ’
961 406 1196 474 ἑτέραισι
1219 421 1544 479 συμφοραῖς.

141 492 255 540 ΗΡ.
322 479 486 557 ηὗρες
509 485 560 542 δ’
591 483 666 541 ἔτ’
695 484 894 553 ἄλλους
919 492 978 543 ἐν
1001 503 1215 546 κακοῖσι
1240 498 1507 561 μείζοσιν;

143 577 261 625 ΘΗ.
333 568 490 626 ἅπτει
515 572 769 627 κάτωθεν
794 570 1042 643 οὐρανοῦ
1066 579 1390 650 δυσπραξίᾳ.
1688 591 1796 634 1240

141 661 248 709 ΗΡ
325 654 514 726 τοιγὰρ
539 655 1021 728 παρεσκευάσμεθ’
1048 655 1187 715 ὥστε
1212 670 1530 717 κατθανεῖν,

143 745 262 794 ΘΗ.
337 745 517 804 δοκεῖς
541 737 784 796 ἀπειλῶν
808 747 922 796 σῶν
945 744 1132 813 μέλειν
1156 768 1207 798 τι
1234 750 1517 816 δαίμοσινς

139 829 254 878 ΗΡ.
326 821 571 888 αὔθαδες
598 823 624 880 ὁ
657 826 815 895 θεός,
841 825 978 897 πρὸς
1005 827 1066 882 δὲ
1089 828 1218 894 τοὺς
1239 829 1411 894 θεοὺς
1437 830 1559 901 ε’γω’.

142 915 259 963 ΘΗ.
331 918 446 979 ἴσχε
470 906 647 980 στόμ’,
675 907 748 974 ὥς
772 909 845 981 μὴ
871 913 1010 981 μέγα
1034 914 1210 983 λέγων
1234 921 1416 983 μεῖζον
1440 915 1638 988 πάθῃς.

139 999 253 1047 ΗΡ.
326 996 471 1064 γέμω
496 1000 683 1049 κακῶν
709 995 804 1065 δή,
831 992 1050 1050 κούκέτ’
1079 995 1201 1053 ἔσθ’
1230 995 1335 1071 ὅπῃ
1367 1008 1519 1072 τεθῇ.
1686 1014 1794 1057 1245

141 1084 259 1132 ΘΗ.
330 1076 548 1147 δράσεις
575 1079 636 1133 δὲ
660 1078 727 1149 δὴ
751 1086 831 1146 τί;
859 1092 958 1135 ποῖ
980 1083 1137 1151 φέρει
1163 1083 1546 1154 θυμούμενος;

136 1168 251 1217 ΗΡ.
322 1163 543 1232 θανών,
570 1160 813 1233 ὅθενπερ
839 1157 1046 1235 ἦλθον,
1076 1166 1183 1237 εἶμι
1211 1174 1309 1238 γῆς
1334 1165 1460 1224 ὕπο.

139 1253 258 1301 ΘΗ.
322 1255 543 1318 εἴρηκας
568 1249 920 1318 ἐπιτυχόντος
945 1247 1252 1322 ἀνθρώπου
1277 1252 1491 1323 λόγους.

137 1338 249 1387 ΗΡ.
320 1336 389 1390 σύ
425 1337 476 1391 δ’
515 1337 661 1401 ἐκτὸς
695 1337 771 1392 ὥν
801 1360 862 1407 γε
893 1345 1178 1411 συμφορᾶς
1207 1364 1273 1412 με
1302 1349 1602 1404 νουθετεῖς.

138 1423 256 1471 ΘΗ.
328 1413 356 1471 ὁ
382 1414 555 1471 πολλὰ
569 1415 647 1486 δὴ
672 1414 799 1481 τλὰς
815 1414 1082 1487 (Ηρακλῆς
1107 1421 1252 1489 λέγει
1276 1420 1432 1486 τάδε;
1687 1438 1795 1479 1250

136 1507 250 1555 ΗΡ.
323 1497 533 1555 οὔκουν
557 1501 794 1556 τοσαῦτά
817 1499 891 1572 γ’,
922 1508 972 1556 εί
991 1505 1170 1577 μέτρῳ
1194 1508 1516 1576 μοχθητέον.

138 1591 256 1640 ΘΗ.
332 1582 622 1655 εὐεργέτης
646 1592 892 1656 βροτοῖσι
917 1588 1008 1641 καὶ
1031 1589 1197 1659 μέγας
1224 1595 1409 1658 φίλος;

135 1677 250 1725 ΗΡ.
326 1666 433 1724 οἵδ’
463 1668 631 1725 οὐδὲν
657 1667 943 1740 ὠφελοῦσί
962 1668 1040 1741 μ’,
1069 1669 1190 1727 ἀλλ’
1215 1670 1358 1744 ’Ἡρα
1383 1688 1586 1742 κρατεῖ.

139 1761 258 1809 ΘΗ.
333 1751 434 1809 οὐκ
461 1753 530 1809 ἄν
561 1753 612 1809 σ’
645 1752 929 1826 ἀνάσχοιθ’
956 1754 1143 1821 Ἑλλὰς
1173 1755 1384 1831 ἀμαθία
1412 1767 1624 1815 θανεῖν.

141 1846 249 1894 ΗΡ.
323 1836 493 1893 ἄκουε
519 1838 587 1909 δή
610 1862 744 1910 νυν,
772 1837 845 1904 ὠς
870 1837 1158 1912 ἁμιλληθῶ
1186 1839 1369 1913 λόγοις
1683 1860 1792 1901 1255

327 1922 463 1993 πρὸς
486 1924 845 1995 νουθετήσεις
869 1925 966 1990 σάς
983 1944 993 1953 ·
1028 1923 1319 1993 ἀναπτύξω
1346 1929 1411 1983 δέ
1430 1945 1518 1982 σοι

328 2004 566 2078 ἀβίωτον
590 2005 721 2079 ἡμῖν
744 2015 853 2064 νῦν
876 2032 934 2065 τε
958 2012 1051 2065 καὶ
1076 2011 1347 2080 πάροιθεν
1372 2008 1453 2067 ὅν.

326 2098 546 2161 πρῶτον
572 2093 673 2164 μὲν
700 2096 758 2149 ἐκ
787 2091 946 2149 τοῦδ’
973 2096 1242 2167 ἐγενόμην
1271 2093 1417 2160 ὅστις
1442 2095 1658 2153 κτανών

327 2176 528 2247 μητρὸς
552 2176 776 2247 γεραιὸν
800 2181 1007 2249 πατέρα
1031 2181 1429 2252 προστρόπαιος
1456 2178 1534 2237 οόν

327 2267 492 2332 ἔγημε
517 2259 617 2332 τὴν
644 2268 913 2318 τεκοῦσαν
933 2261 1241 2335 Ἀλκμήνην
1267 2267 1375 2335 ἐμέ.
1681 2280 1793 2324 1260

327 2341 459 2401 ὅταν
484 2345 544 2401 δὲ
567 2348 764 2417 κρηπὶς
786 2351 860 2419 μὴ
886 2355 1210 2421 καταβληθῇ
1232 2352 1428 2420 γένους

329 2428 541 2500 ὀρθῶς,
567 2427 777 2501 ἀνάγκη
805 2437 1098 2504 δυστυχεῖν
1121 2431 1250 2498 τοὺς
1273 2434 1551 2505 ἐκγόνους.

328 2514 467 2580 Ζεὺς
493 2513 544 2569 δ’
574 2512 721 2579 ὅστις
745 2513 774 2570 ὁ
797 2515 938 2582 Ζεὺς
963 2516 1224 2588 πολέμιόν
1248 2515 1306 2589 μ’
1335 2521 1581 2589 ἐγείνατο

313 2595 458 2672 ’Ἡρα
474 2617 484 2627 ·
521 2597 591 2655 σὺ
616 2602 801 2668 μέντοι
825 2602 999 2672 μηδὲν
1024 2600 1334 2674 ἀχθεσθῇς,
1361 2604 1550 2674 γέρον·

330 2684 536 2753 πατέρα
559 2684 663 2754 γὰρ
694 2682 817 2740 ἀντὶ
839 2685 1015 2756 Ζηνὸς
1042 2683 1282 2757 ἡγοῦμαι
1306 2684 1359 2742 σ’
1388 2687 1509 2757 ε’γω’.
1682 2702 1790 2745 1265

330 2765 403 2821 ἔτ’
435 2770 494 2822 ἐν
518 2768 752 2838 γάλακτί
772 2768 821 2824 τ’
851 2768 969 2825 ὄντι
997 2770 1319 2842 γοργωποὺς
1343 2769 1500 2842 ὄφεις

329 2854 691 2924 ἐπεισέφρηκε
715 2854 1082 2925 σπαργάνοισι
1108 2868 1219 2921 τοῖς
1243 2859 1389 2926 ε’μοῖς
