2022 3126
228 102 325 152 454
839 103 971 148 ΙΠΠ
978 102 1256 150 ΟΛΊἼὈΣ

416 239 782 314 προυφαίνετ’
838 247 913 306 εἰς
958 239 1376 313 τοῦμπροσθεν,
1425 238 1553 298 ὥστ’
1613 239 1868 311 ἀναστρέ·

979 348 1123 396 φειν,

413 418 612 480 ταῦρος
639 410 797 485 φόβῳ
821 412 1093 481 τέτρωρον
1119 414 1392 480 ἐκμαίνων
1416 407 1571 480 ὄχον·

419 501 469 551 εἰ
494 494 547 551 δ’
580 501 654 560 εἰς
678 498 876 565 πέτρας
904 497 1161 566 φέροιντο
1185 500 1471 564 μαργῶσαι
1496 496 1718 566 φρένας,
1771 509 1876 552 123⁰

416 587 542 653 σιγῇ
567 579 812 646 πελάζων
839 577 1034 650 ἄντυγι
1061 582 1345 645 ξυνείπετο

420 671 496 729 εἰς
518 661 680 720 τοῦθ’
710 667 810 727 ἕως
837 670 1039 735 ἔσφηλε
1063 661 1457 733 κάνεχαίτισεν,

417 747 791 822 ἁψῐδα’πέτρφ
817 747 1150 820 προσβαλῶν
1174 745 1453 817 ὀχήματος.

420 834 718 905 σύμφυρτα
747 829 799 888 δ’
827 825 898 903 ἦν
925 829 1162 887 ἅπαντα·
1192 831 1451 902 σύριγγές
1475 828 1524 886 τ’
1554 829 1667 886 ἅνω

421 923 632 990 τροχῶν
662 917 883 988 ἐπήδων
906 915 1118 983 ἀξόνων
1141 913 1190 970 τ’
1219 916 1465 986 ἐνήλατα.
1772 929 1878 972 1235

417 1000 582 1066 αὐτὸς
607 999 658 1057 δ’
689 998 717 1057 ὃ
740 1001 960 1072 τλήμων
987 998 1233 1072 ἡνίαισιν
1258 1002 1548 1071 ἐμπλακεὶς

420 1082 623 1158 δεσμὸν
647 1086 1054 1157 δυσεξήνυστον
1078 1089 1290 1141 ἕλκεται
1315 1090 1518 1154 δεθείς,

417 1170 792 1241 σποδούμενος
821 1171 920 1241 μὲν
945 1169 1080 1242 πρὸς
1107 1172 1326 1239 πέτραις
1351 1175 1516 1239 φίλον
1541 1168 1698 1239 κάρα,

418 1255 652 1327 θραύων
678 1255 738 1310 δὲ
764 1255 992 1326 σάρκας,
1020 1252 1176 1309 δεινὰ
1202 1251 1255 1308 δ’
1283 1256 1531 1319 ἐξαυδῶν
1554 1253 1771 1308 κλύειν·

419 1337 591 1411 στῆτ’,
619 1333 662 1394 ῶ
690 1338 950 1410 φάτναισι
974 1352 1089 1403 ταῖς
1114 1341 1265 1408 ἐμαῖς
1288 1340 1680 1408 τεθραμμέναι,
1770 1350 1881 1393 1240

419 1425 492 1495 μή
517 1422 574 1495 μ’
604 1421 907 1495 ἐξαλείψητ’
931 1442 941 1452 ·
971 1416 1014 1478 ῶ
1039 1421 1242 1495 πατρὸς
1265 1419 1477 1477 τάλαιν’
1507 1419 1630 1493 ἆρά.

418 1515 497 1574 τίς
523 1506 682 1579 ἄνδρ’
712 1506 938 1580 ἄριστον
963 1507 1223 1578 βούλεται
1247 1513 1421 1562 σῶσαι
1445 1506 1669 1577 παρῶν;

420 1595 612 1650 πολλοὶ
637 1594 698 1648 δὲ
722 1595 1092 1664 βουληθέντες
1115 1589 1326 1666 ὑστέρῳ
1351 1594 1483 1646 ποδὶ

421 1678 802 1749 ἐλειπόμεσθα.
832 1676 908 1749 χῶ
935 1677 1034 1749 μὲν
1059 1680 1118 1732 ἐκ
1144 1682 1362 1747 δεσμῶν
1386 1677 1580 1740 λυθεὶς

420 1769 637 1835 τμητῶν
668 1762 908 1834 ἱμάντων
932 1759 998 1818 οὐ
1025 1759 1235 1817 κάτοιδ’
1263 1757 1371 1835 ὅτῳ
1397 1760 1580 1834 τρόπω
1771 1774 1880 1815 1245

420 1854 630 1916 πίπτει,
659 1846 872 1919 βραχὺν
898 1845 966 1917 δὴ
992 1852 1181 1918 βίοτον
1208 1847 1457 1916 ἐμπνέων
1483 1851 1586 1900 ἔτι·

421 1936 576 1988 ἵπποι
601 1928 653 1987 δ’
681 1939 969 2003 ἔκρυφθεν
993 1932 1084 1985 καὶ
1107 1928 1165 1986 τὸ
1201 1931 1476 2001 δύστηνον
1499 1931 1655 1999 τέρας

421 2017 629 2086 ταύρου
654 2023 879 2080 λεπαίας
904 2013 970 2071 οὐ
997 2013 1202 2070 κάτοιδ’
1233 2012 1373 2070 ὅπου
1397 2013 1614 2084 χθονός.

423 2107 622 2165 δοῦλος
645 2101 745 2172 μὲν
769 2093 872 2155 οὖν
899 2106 1071 2170 ἔγωγε
1095 2106 1209 2154 σῶν
1234 2099 1448 2169 δόμων,
1475 2095 1625 2167 ἄναξ,

421 2183 556 2256 ἀτὰρ
583 2184 850 2240 τοσοῦτόν
873 2182 924 2255 γ’
958 2181 1025 2239 οὐ
1052 2184 1364 2255 δυνήσομαί
1384 2204 1514 2237 ποτε
1772 2196 1880 2237 1250

421 2270 518 2326 τὸν
544 2268 644 2325 σὸν
670 2272 939 2325 πιθέσθαι
964 2265 1115 2324 παῖδ’
1149 2265 1296 2333 ὅπως
1321 2270 1468 2323 ἐστὶν
1492 2266 1675 2338 κακός,

421 2352 543 2411 οὐδ’
574 2360 625 2410 εἰ
648 2359 932 2425 γυναικῶν
955 2359 1065 2409 πᾶν
1091 2358 1430 2423 κρεμασθείη
1456 2353 1615 2422 γένος

422 2441 512 2496 καὶ
536 2438 637 2510 τὴν
663 2443 722 2494 ἐν
734 2437 852 2511 Ἴδῃ
876 2437 1207 2509 γραμμάτων
1231 2437 1456 2508 πλήσειέ
1479 2459 1558 2500 τις

421 2523 662 2595 πεύκην,
689 2527 813 2579 ἐπεί
833 2547 925 2579 νιν
950 2521 1154 2578 ἐσθλὸν
1179 2519 1294 2577 ὅντ’
1325 2524 1628 2591 ἐπίσταμαι.

238 2615 348 2664 XO.
417 2614 556 2664 αἰαῖ·
589 2610 881 2679 κέκρανται
903 2605 1163 2679 συμφορὰ
1191 2609 1334 2661 νέων
1356 2610 1560 2674 κακῶν,
1772 2617 1877 2660 1255

422 2689 546 2748 οὐδ’
576 2698 688 2747 ἔστι
711 2699 903 2763 μοίρας
926 2697 1026 2747 τοῦ
1049 2690 1226 2762 χρεῶν
1249 2687 1295 2745 τ’
1324 2686 1624 2760 ἀπαλλαγή.

235 2784 352 2832 ΘΗ.
417 2783 565 2848 μίσει
587 2777 688 2848 μὲν
706 2774 906 2849 ἀνδρὸς
930 2781 1028 2831 τοῦ
1051 2774 1391 2839 πεπονθότος
1413 2768 1543 2829 τάδε
