2022 3126
222 75 320 126 314

831 73 1280 138 ΗΡΑΚΛΕΙΔᾼΙ

409 215 440 272 ὃ
467 214 519 272 δ’
548 213 676 272 οὔτε
701 214 830 279 τοὺς
853 215 1123 279 κλύοντας
1148 215 1429 278 αἰδεσθεὶς
1453 215 1636 285 λόγων

413 299 531 358 οὔτ’
563 298 729 365 αὐτὸς
753 297 926 356 αὑτοῦ
956 304 1169 355 δειλίαν
1194 297 1495 370 στρατηγὸς
1523 295 1619 369 ὤν,

413 389 603 443 ἐλθεῖν
629 382 884 457 ἐτόλμησ’
919 384 1082 456 ἐγγὺς
1112 381 1348 454 ἀλκίμου
1374 384 1553 454 δορός,
1807 396 1887 440 815

413 468 533 527 ἀλλ’
566 463 636 541 ἦν
660 470 941 535 κάκιστος·
971 469 1085 525 εἶτα
1109 475 1357 533 τοιοῦτος
1385 467 1560 540 γεγώς

412 554 541 620 τοὺς
565 553 922 626 “Ηρακλείους
947 547 1089 625 ἦλθε
1115 553 1418 609 δουλωσων
1442 553 1661 624 γόνους.

398 637 589 706 ’Τλλος
613 640 713 712 μὲν
739 633 843 696 οὖν
869 636 1105 714 ἄπωχετ’
1142 643 1217 702 εἰς
1241 639 1394 705 τάξιν
1420 635 1614 693 πάλιν·

413 725 633 797 μάντεις
659 722 710 780 δ’
742 724 930 795 ἐπειδὴ
959 724 1273 796 μονομάχου
1302 720 1377 779 δι’
1408 720 1640 788 ἀσπίδος

415 810 711 882 διαλλαγὰς
737 816 986 881 ἔγνωσαν
1011 807 1078 865 οὐ
1103 811 1453 880 τελουμένας,
1807 820 1890 864 820

415 902 678 966 ἔσφαζον,
707 893 808 950 οὐκ
838 901 1093 966 ἔμελλον,
1121 891 1242 949 ἀλλ’
1274 892 1513 964 ἀφίεσαν

418 986 631 1051 λαιμῶν
656 986 925 1052 βροτείων
953 977 1129 1045 εὐθὺς
1155 976 1351 1050 οὔριον
1376 978 1571 1050 φόνον.

414 1072 470 1122 οἳ
493 1063 544 1121 δ’
576 1062 771 1137 ἅρματ’
805 1067 1143 1137 εἰσέβαινον,
1169 1071 1225 1120 οἳ
1247 1061 1298 1119 δ’
1329 1061 1424 1118 ὑπ’
1456 1060 1709 1118 ἀσπίδων

417 1157 681 1221 πλευροῖς
706 1157 981 1221 ἔκρυπτον
1005 1147 1223 1220 πλεύρ’·
1258 1147 1575 1220 Ἀθηναίων
1601 1146 1652 1204 δ’
1688 1146 1822 1215 ἅναξ

416 1241 629 1308 στρατῷ
671 1232 987 1304 παρήγγειλ’
1019 1229 1106 1290 οἶα
1130 1233 1232 1305 χρὴ
1261 1232 1357 1289 τὸν
1383 1231 1610 1305 εὐγενῆ·
1808 1246 1889 1289 825

417 1344 456 1375 ω
485 1323 838 1390 ξυμπολιται,
865 1326 929 1392 τῇ
955 1342 1011 1374 τε
1036 1318 1314 1392 βοσκούσῃ
1338 1321 1504 1389 χθονὶ

416 1407 509 1461 καὶ
535 1411 600 1477 τῇ
624 1404 860 1476 τεκούσῃ
884 1410 993 1460 νῦν
1019 1401 1126 1459 τιν’
1157 1401 1384 1473 αρκέσαι
1405 1403 1601 1475 χρεων.

415 1487 443 1544 ὃ
475 1488 525 1545 δ’
557 1491 627 1545 αὐ
657 1490 716 1544 τό
745 1487 790 1543 τ’
816 1487 1018 1561 Ἀργος
1043 1489 1116 1560 μὴ
1143 1495 1504 1560 καταισχῦναι
1530 1491 1721 1545 θέλειν

418 1599 509 1630 και
534 1573 628 1639 τὰς
646 1574 922 1645 Μυκήνας
947 1575 1267 1646 συμμάχους
1292 1577 1550 1630 ἐλίσσετο.

420 1662 538 1716 ἐπεὶ
563 1656 613 1715 δ’
647 1657 870 1731 ἐσήμην’
902 1657 1103 1731 ὄρθιον
1136 1665 1455 1732 Τυρσηνικῇ
1807 1673 1891 1718 830

416 1745 677 1816 σάλπιγγι
701 1747 793 1800 καὶ
820 1751 1078 1816 συνῆψαν
1104 1742 1360 1816 ἀλλήλοις
1384 1745 1579 1816 μάχην,

418 1831 593 1886 πόσον
619 1826 723 1885 τιν’
753 1827 939 1900 αὐχεῖς
964 1831 1208 1901 πάταγον
1234 1827 1487 1886 ἀσπίδων
1512 1831 1754 1900 βρέμειν,

418 1915 592 1971 πόσον
617 1913 741 1970 τινὰ
765 1914 1075 1986 στεναγμὸν
1103 1915 1349 1986 οἰμωγήν
1374 1912 1435 1969 θ’
1466 1912 1638 1985 ὁμοῦ;

416 1998 481 2054 τὰ
507 2005 696 2070 πρῶτα
720 2001 821 2071 μέν
845 2024 952 2055 νυν
978 2006 1204 2065 πίτυλος
1230 1997 1480 2071 Ἀργείου
1505 1998 1666 2069 δορὸς

419 2082 678 2184 ἐρρήξαθ’
709 2082 873 2156 ἡμᾶς·
903 2082 1000 2140 εἶτ’
1032 2084 1315 2157 ἐχώρησαν
1339 2085 1520 2140 πάλιν.
1808 2097 1892 2141 835

417 2169 476 2225 τὸ
503 2170 768 2241 δεύτερον
795 2170 856 2225 δε
880 2192 1019 2234 πους
1043 2171 1409 2240 ἐπαλλαχθεὶς
1433 2174 1583 2239 ποδί,

420 2252 560 2326 ανὴρ
589 2252 640 2310 δ’
671 2252 758 2310 ἐπ’
789 2253 954 2325 ἀνδρὶ
979 2254 1108 2319 στὰς
1134 2257 1414 2327 ἐκαρτέρει
1438 2273 1610 2326 μαχῃ·

419 2341 613 2396 πολλοὶ
638 2337 688 2395 δ’
720 2346 976 2409 ἔπιπτον,
1003 2340 1072 2410 ἠν
1097 2341 1158 2395 δε
1183 2340 1286 2396 δύο
1311 2340 1682 2411 κελεύσματα

420 2448 461 2479 ω
489 2423 583 2490 τὰς
608 2422 872 2497 Ἀθήνας,
901 2448 941 2479 ω
969 2424 1065 2480 τὸν
1090 2422 1354 2497 Ἀργείων
1381 2425 1526 2496 γύην

418 2516 753 2581 σπείροντες,
781 2508 883 2566 οὐκ
909 2507 1123 2582 ἀρήξετ’
1153 2510 1422 2581 αἰσχύνην
1447 2510 1634 2575 πόλει;
1806 2521 1891 2566 840

419 2595 574 2665 μόλις
599 2595 659 2650 δὲ
683 2596 859 2650 πάντα
884 2600 1124 2667 δρῶντες
1149 2593 1250 2650 οὐκ
1277 2592 1405 2666 ἄτερ
1431 2595 1620 2651 πόνων

424 2678 792 2751 ἐτρεψάμεσθ’
819 2678 1069 2751 Ἀργεῑον
1096 2685 1171 2744 εἰς
1197 2680 1386 2752 φυγὴν
1412 2680 1568 2752 δόρυ.

419 2760 694 2820 κάνταῦθ’
725 2762 752 2820 ὁ
779 2766 1020 2836 πρέσβυς
1038 2760 1233 2819 1’Ὑλλον
1264 2765 1642 2836 ἐξορμώμενον

423 2847 586 2918 ἰδών,
615 2846 800 2920 ὀρέξας
828 2850 1071 2905 ἱκέτευσε
1097 2847 1283 2917 δεξιὰν
