2022 3126
141 749 259 799 XO.

528 93 864 143 ΗΡΑΚΛΗΣ
893 85 1393 136 ΜΑΙΝΟΜΕΝΟΣ
1671 78 1772 130 335

325 237 489 308 ἀρετῇ
512 253 573 290 σε
597 237 731 288 νικῶ
756 229 960 301 θνητὸς
985 223 1063 282 ὦν
1086 224 1224 282 θεὸν
1246 227 1440 296 μέγαν·

327 325 522 383 παῖδας
545 315 648 389 γὰρ
674 312 740 371 οὗ
763 312 1061 385 προύδωκα
1087 309 1215 375 τοὺς
1234 307 1578 380 Ἡρακλέους.

326 403 395 460 σύ
423 401 476 460 δ’
506 407 581 466 είς
602 400 702 472 μὲν
728 396 891 462 εὐνὰς
917 394 1152 466 κρύφιος
1173 391 1381 465 ἠπίστω
1405 397 1607 463 μολεῖν,

330 486 618 558 τάλλότρια
640 486 836 554 λέκτρα
861 480 1050 543 δόντος
1075 476 1302 542 οὐδενὸς
1325 475 1526 547 λαβών,
1695 487 1777 531 345

328 572 519 639 σώζειν
547 569 608 624 δὲ
635 569 762 632 τοὺς
787 564 918 629 σοὺς
944 560 1047 619 οὐκ
1074 566 1353 618 ἐπίστασαι
1382 566 1595 632 φίλους.

327 654 544 727 ἀμαθής
566 675 646 717 τις
672 651 721 707 εἴ
741 648 898 720 θεός,
931 653 982 703 εἰ
1001 651 1209 711 δίκαιος
1232 643 1332 701 οὐκ
1357 651 1509 715 ἔφυς.

326 747 542 797 αἴλινον
564 737 664 808 μὲν
689 732 764 792 ἐπ’
794 731 1013 803 εὐτυχεῖ
1582 742 1694 796 στρ.

331 829 512 897 μολπᾷ
535 827 736 892 Φοῖβος
762 825 915 890 ἰαχεῖ,

330 909 431 963 τὰν
453 911 867 977 καλλίφθογγον
895 899 1136 970 κιθάραν
1697 907 1781 950 350

331 992 580 1049 ἐλαύνων
604 988 858 1061 πλήκτρῳ
882 986 1118 1058 χρυσέῳ*

331 1075 436 1147 ε’γώ
463 1075 524 1130 δὲ
547 1072 644 1129 τὸν
667 1077 766 1144 γᾶς
794 1071 998 1143 ἐνέρων
1022 1065 1061 1123 τ’
1090 1069 1142 1132 ἐς
1167 1063 1383 1137 ὄρφναν

336 1159 600 1232 μολόντα,
625 1153 777 1213 παῖδ’
808 1162 914 1210 εἴτε
939 1149 1074 1216 Διός
1097 1174 1188 1206 νιν
1214 1157 1346 1205 εἴπω

336 1241 424 1300 εἴτ’
447 1240 857 1314 Ἀμφιτρύωνος
882 1238 1011 1307 ἶνιν,

334 1327 574 1400 ὑμνῆσαι
601 1325 930 1395 στεφάνωμα
952 1321 1053 1392 μό-
1705 1327 1787 1371 355

334 1422 489 1484 χθων
514 1408 579 1466 δι’
609 1407 862 1480 εὐλογίας
887 1408 1052 1462 θέλω.

335 1501 607 1569 γενναίων
631 1491 682 1549 δ’
712 1491 898 1566 ἀρεταὶ
921 1490 1108 1545 πόνων

339 1594 450 1646 τοῖς
472 1583 747 1636 θανοῦσιν
770 1574 1000 1647 ἄγαλμα.

340 1670 557 1736 πρῶτον
581 1663 681 1733 μὲν
703 1659 840 1724 Διὸς
864 1657 1024 1722 ἄλσος

339 1747 593 1821 ἠρήμωσε
622 1747 856 1813 λέοντος,
1704 1747 1794 1793 360

341 1837 534 1906 πυρσῷ
560 1828 611 1886 δ’
641 1827 1055 1901 ἀμφεκαλύφθη

343 1915 553 1984 ξανθὸν
577 1911 723 1987 κρᾶτ’
752 1916 1074 1974 ἐπινωτίσας

341 2006 507 2075 δεινῷ
531 1999 758 2070 χάσματι
781 1994 954 2067 θηρός
969 2013 979 2023 ·

344 2086 445 2141 τάν
470 2081 510 2139 τ’
539 2081 832 2154 ὀρεινόμον
855 2077 1064 2151 ἀγρίων
1597 2065 1711 2127 ἀντ.

343 2168 681 2238 Κενταύρων
703 2164 831 2221 ποτὲ
854 2166 1057 2235 γε’νναν
1711 2164 1797 2213 365

347 2259 616 2325 ἔστρωσεν
639 2249 810 2316 τόξοις
834 2253 1066 2320 φονίοις,

346 2340 581 2408 ἐναίρων
605 2346 827 2397 πτανοῖς
849 2334 1080 2404 βέλεσιν.

345 2421 565 2487 ξύνοιδε
585 2415 823 2490 Πηνειὸς
847 2414 875 2472 ὃ
903 2417 1217 2475 καλλιδίνας

347 2510 554 2576 μακραί
573 2499 611 2559 τ’
642 2499 874 2573 ἄρουραι
899 2503 1107 2556 πεδίων
1130 2493 1365 2566 ἄκαρποι

350 2591 442 2644 καὶ
464 2584 739 2658 Πηλιάδες
762 2585 1036 2655 θεράπναι
1710 2579 1801 2631 370

353 2672 650 2744 σύγχορτοί
667 2669 729 2726 θ’
749 2667 978 2740 Ὀμόλας
1003 2672 1168 2721 ἔναυ-

353 2764 463 2826 λοι,
488 2754 776 2811 πεύκαισιν
798 2750 936 2809 ὅθεν
957 2750 1116 2821 χέρας

655 2853 738 2897 348
755 2873 821 2882 ·—·
840 2851 926 2896 363
941 2865 1011 2887 =
1026 2850 1112 2894 364
1128 2869 1194 2875 -·
1211 2843 1298 2892 379
