2022 3126
245 1251 460 1301 ΗΜΙΧ,

243 1422 460 1471 ΗΜΙΧ.

243 1507 461 1556 HMIX.

243 1592 462 1641 HMIX.

247 1677 461 1726 HMIX.

242 2102 464 2150 HMIX.

243 2272 461 2321 HMIX.

244 2357 460 2406 HMIX.

246 2441 460 2491 HMIX.

247 2527 449 2576 HMIX

910 84 1150 130 LKETIA
1157 84 1246 128 ΕΣ

497 225 876 296 μοναμπύκων
899 247 957 280 τε
983 223 1202 294 φάλαρα
1227 218 1505 280 κινεῖσθαι
1529 223 1697 295 στόμα

496 308 658 384 ἀφρῷ
683 310 1109 378 καταστάζοντα,
1136 313 1423 379 Καδμείαν
1445 309 1639 380 χθόνα.

494 395 808 467 χωρήσομαι
830 394 935 466 γὰρ
963 392 1096 450 ἑπτὰ
1120 393 1256 464 πρὸς
1279 393 1511 465 Κάδμου
1535 393 1712 458 πύλας

495 477 661 545 αὐτὸς
683 484 915 551 σίδηρον
939 477 1072 545 ὀξὺν
1101 481 1159 533 ἐν
1183 492 1368 549 χεροῖν
1393 485 1532 549 ἔχων
1821 494 1903 538 590

495 561 660 630 αὐτός
684 587 740 619 τε
767 567 954 636 κῆρυξ.
1013 565 1099 619 σοὶ
1125 563 1185 618 δὲ
1210 563 1531 635 προστάσσω
1557 566 1762 635 μένειν,
1824 580 1903 623 589

482 647 780 720 ”Αδραστε,
807 646 970 720 κάμοὶ
994 647 1065 720 μὴ
1094 645 1509 719 ἀναμίγνυσθαι
1533 648 1698 719 τύχας

497 733 591 799 τὰς
615 733 712 799 σάς
729 753 739 763 ·
767 734 873 805 ἐγω
899 733 1003 805 γὰρ
1031 739 1291 804 δαίμονος
1315 731 1526 804 τούμοῦ
1553 735 1685 804 μέτα

495 820 917 891 στρατηλατήσω
943 817 1157 883 κλεινὸς
1185 821 1244 874 ἐν
1267 824 1468 893 κλεινῶ
1493 823 1632 891 δορί.

499 902 615 968 ἑνὸς
645 903 820 974 μόνου
857 909 967 973 δεῖ,
1029 903 1158 968 τους
1181 902 1353 968 θεοὺς
1380 909 1551 973 ἔχειν,
1580 901 1700 959 ὅσοι

497 995 660 1061 δίκην
686 992 966 1060 σέβονται·
1001 996 1173 1044 ταῦτα
1201 988 1305 1060 γὰρ
1331 986 1565 1055 ξυνόνθ’
1595 985 1735 1060 ὁμοῦ
1823 1005 1905 1048 595

496 1081 659 1146 νίκην
685 1079 930 1130 δίδωσιν.
989 1072 1153 1145 ἁρετὴ
1181 1071 1232 1128 δ’
1264 1071 1432 1130 οὐδὲν
1458 1076 1616 1144 φέρει

496 1167 804 1231 βροτοῖσιν,
831 1155 902 1230 ἦν
926 1159 999 1230 μὴ
1023 1158 1120 1215 τὸν
1145 1158 1285 1214 θεὸν
1307 1156 1556 1232 χρῄζοντ’
1587 1165 1697 1232 ἔχῃ.

497 1237 540 1300 ῶ
564 1247 750 1315 μέλεαι
776 1246 987 1315 μελέων
1013 1246 1239 1315 ματέρες
1264 1251 1531 1315 λοχαγῶν,
1707 1263 1819 1316 στρ.

498 1327 570 1394 ῶς
594 1353 685 1401 μοι
710 1327 812 1399 ὑφ’
842 1327 1008 1400 ἥπατι
1034 1334 1194 1400 δεῖμα
1219 1327 1449 1399 χλοερὸν
1476 1327 1750 1399 ταράσσει.

493 1412 599 1470 τίν’
631 1413 812 1471 αὐδὰν
836 1415 1002 1470 τάνδε
1029 1416 1361 1485 προσφέρεις
1384 1416 1548 1480 νέαν;
1825 1428 1905 1471 600

493 1500 803 1572 στράτευμα
838 1500 938 1570 μὲν
969 1500 1255 1563 Παλλάδος
1286 1500 1624 1569 κριθήσεται.

496 1583 588 1641 διὰ
619 1583 783 1654 δορὸς
808 1585 962 1650 εἶπας
984 1581 1020 1657 ἦ
1044 1586 1225 1657 λόγων
1258 1587 1651 1656 ξυναλλαγαῖς;

493 1669 697 1742 γένοιτ’
730 1667 799 1726 ἂν
822 1672 1040 1741 κέρδος·
1071 1676 1121 1726 εί
1144 1667 1200 1726 δ’
1230 1667 1521 1742 ἀρείφατοι

499 1755 664 1827 φόνοι
689 1756 852 1828 μάχαι
876 1768 1264 1826 στερνοτυπεῖς
1289 1752 1338 1810 τ’
1370 1753 1475 1811 ἄνα
1498 1755 1668 1812 τόπον

495 1840 661 1896 πάλιν
687 1842 1030 1913 φανήσονται
1053 1840 1271 1910 κτύποι,
1824 1853 1906 1895 605

494 1924 602 1981 τίν’
633 1922 701 1981 ἄν
726 1926 922 1997 λόγον,
949 1926 1198 1996 τάλαινα,

495 2007 603 2066 τίν’
639 2007 707 2066 ἂν
734 2009 903 2067 τῶνδ’
933 2017 1080 2066 αἰτία
1104 2011 1356 2082 λάβοιμι;

498 2093 636 2150 ἀλλὰ
661 2095 758 2152 τὸν
787 2093 1017 2169 εὐτυχία
1040 2094 1294 2167 λαμπρὸν
1319 2092 1388 2150 ἄν
1412 2118 1491 2159 τις
1517 2099 1665 2162 αἱροῖ
1731 2090 1846 2149 ἀντ.

496 2192 659 2251 μοῖρα
684 2180 877 2237 πάλιν·
906 2181 1033 2236 τόδε
1055 2204 1146 2251 μοι
1171 2179 1230 2236 τὸ
1257 2180 1468 2252 θράσος
1495 2176 1835 2251 ἀμφιβαίνει.

495 2270 744 2331 δικαίους
769 2271 1032 2337 δαίμονας
1056 2266 1126 2320 σύ
1150 2263 1206 2336 γ’
1235 2267 1497 2330 ἐννέπεις.
1824 2278 1905 2321 610

494 2357 638 2416 τίνες
661 2350 766 2422 γὰρ
793 2348 950 2407 ἄλλοι
973 2352 1204 2422 νέμουσι
1228 2350 1545 2422 συμφοράς;

493 2435 734 2506 διάφορα
759 2435 934 2491 πολλὰ
957 2442 1111 2491 θεῶν
1135 2443 1416 2507 βροτοῖσιν
1449 2440 1661 2505 εἰσορῶ.

496 2519 652 2594 φόβῳ
675 2519 780 2593 γὰρ
805 2527 880 2596 τῷ
904 2521 1076 2592 πάρος
1100 2521 1411 2576 διόλλυσαι·

497 2609 623 2660 δίκα
651 2610 816 2661 δίκαν
840 2603 893 2661 δ’
923 2605 1146 2662 ἐκάλεσε
1170 2607 1263 2661 καὶ
1288 2605 1461 2676 φόνος

499 2688 676 2760 φόνον
692 2734 707 2761 ,
733 2696 920 2746 κακῶν
945 2687 998 2746 δ’
1027 2687 1314 2761 ἀναψυχὰς
1819 2699 1905 2744 615

493 2775 618 2830 θεοὶ
642 2780 858 2845 βροτοῖς
881 2778 1163 2846 νέμουσιν,

761 2872 915 2917 598-
937 2873 1019 2917 607
1042 2877 1112 2899 =
1135 2871 1293 2916 608—
1309 2871 1392 2916 617
