2022 3126
648 914 1226 973 ΥΠΟΘΕΣῙΣ.

297 1299 586 1355 Διόνυσον
600 1302 660 1354 οἵ
666 1300 1037 1371 προσήκοντες
1052 1294 1154 1352 οὐκ
1170 1303 1384 1366 ἔφασαν
1400 1293 1540 1350 εἶναι
1553 1289 1692 1348 θεόν
1706 1312 1716 1322 ’

131 1378 159 1442 ὃ
183 1385 246 1441 δὲ
269 1381 458 1448 αὐτοῖς
479 1389 749 1455 τιμωρίαν
775 1385 1035 1453 ἐπέστησε
1058 1380 1158 1451 τὴν
1183 1383 1521 1452 πρέπουσαν.
1550 1380 1720 1448 ἐμμα-

129 1483 242 1534 νεῖς
275 1466 380 1538 γὰρ
407 1472 629 1539 ἐποίησε
664 1467 757 1532 τὰς
794 1473 905 1522 τῶν
931 1472 1193 1537 Θηβαίων
1217 1477 1511 1536 γυναῖκας,
1561 1456 1640 1516 ὦν
1665 1466 1726 1516 αἱ

128 1559 228 1609 τοῦ
263 1553 497 1623 Κάδμου
532 1554 840 1623 θυγατέρες
888 1548 1276 1622 ἀφηγούμεναι
1321 1547 1451 1612 τοὺς
1485 1546 1762 1611 θιάσουςὸ

130 1644 353 1708 εἰσῆγον
377 1639 465 1692 ἐπὶ
482 1635 581 1692 τὸν
591 1641 940 1707 Κιθαιρῶνα.
974 1632 1236 1700 Πενθεὺς
1254 1635 1315 1690 δὲ
1334 1630 1361 1689 ὁ
1380 1639 1474 1703 τῆς
1488 1628 1721 1702 Ἀγαύης

128 1735 255 1787 παῖς
280 1720 619 1793 παραλαβών
652 1721 754 1792 τὴν
778 1727 1064 1792 βασιλείαν
1100 1718 1401 1789 ἐδυσφόρει
1427 1730 1539 1780 τοῖς
1564 1739 1720 1786 γινο-

127 1810 310 1879 μένοις
332 1812 431 1862 καί
449 1829 601 1871 τινας
625 1806 726 1877 μὲν
759 1811 870 1860 τῶν
903 1811 1136 1875 Βακχῶν
1171 1800 1467 1874 συλλαβών
1506 1806 1719 1872 ἔδησεν,

127 1889 205 1948 ἐπ’
241 1889 414 1947 αὐτὸν
451 1890 513 1946 δὲ
545 1889 643 1946 τὸν
677 1889 817 1946 θεὸν
851 1887 1120 1960 ἀγγέλους
1156 1886 1491 1945 ἀπέστειλεν.
1574 1878 1628 1941 οἳ
1661 1886 1722 1941 δὲ

127 1978 346 2041 ἑκόντος
382 1972 556 2030 αὐτοῦ
592 1975 988 2047 κυριεύσαντες
1010 1967 1150 2046 ἦγον
1184 1973 1321 2045 πρὸς
1355 1972 1452 2028 τὸν
1474 1972 1790 2037 Πενθέα,ἲο

125 2058 380 2124 κάκεῖνος
403 2062 693 2116 ἐκέλευσεν
719 2060 990 2130 δήσαντας
1013 2056 1186 2114 αὐτὸν
1211 2063 1376 2114 ἔνδον
1402 2057 1718 2126 φυλάττειν,

127 2143 197 2201 οὐ
233 2147 412 2215 λέγων
446 2145 621 2216 μόνον
657 2142 742 2200 ὅτι
781 2142 916 2208 θεὸς
948 2141 1051 2199 οὐκ
1089 2149 1202 2199 ἔστι
1226 2142 1532 2210 Διόνυσος,
1583 2138 1719 2195 ἀλλὰ

126 2231 218 2285 καὶ
247 2229 505 2301 πράττειν
528 2229 708 2285 πάντα
733 2226 806 2293 ὥς
828 2225 940 2284 κατ’
971 2226 1279 2299 ἀνθρώπου
1315 2233 1550 2298 τολμῶν.
1605 2216 1633 2280 3
1660 2225 1720 2280 δὲ

127 2312 355 2385 σεισμὸν
378 2314 609 2385 ποιήσας
641 2315 975 2386 κατέστρεψε
1000 2311 1066 2368 τὰ
1090 2318 1370 2384 βασίλεια,
1409 2309 1634 2383 ἀγαγών
1660 2310 1745 2365 δὲ·

128 2404 204 2463 εἰς
220 2404 553 2468 Κιθαιρῶνα
579 2404 760 2455 ἔπεισε
785 2397 883 2453 τὸν
902 2401 1130 2454 Πενθέα
1156 2397 1434 2467 κατόπτην
1457 2397 1786 2466 γενέσθαι15

125 2488 238 2538 τῶν
256 2489 541 2552 γυναικῶν
557 2480 909 2555 λαμβάνοντα
926 2480 1190 2553 γυναικὸς
1206 2484 1412 2552 ε’σθῆτα
1427 2500 1437 2509 ·
1466 2480 1521 2535 αἳ
1540 2476 1593 2535 δ’
1617 2476 1720 2534 αὐ-

125 2565 224 2622 τὸν
260 2568 590 2637 διέσπασαν,
644 2574 739 2639 τῆς
769 2565 974 2639 μητρὸς
1014 2564 1249 2637 Ἀγαύης
1293 2563 1716 2638 καταρξαμένης.

125 2651 349 2723 Κάδμος
374 2651 436 2706 δὲ
458 2651 518 2707 τὸ
542 2651 773 2722 γεγονὸς
795 2652 1230 2723 καταισθόμενος
1252 2650 1318 2706 τὰ
1343 2650 1719 2706 διασπασθέν-

127 2759 191 2792 τα
226 2737 360 2807 μέλη
396 2735 730 2807 συναγαγών
769 2743 1086 2792 τελευταῖον
1110 2734 1171 2790 τὸ
1197 2735 1494 2807 πρόσωπον
1521 2736 1581 2789 ἐν
1603 2745 1718 2795 ταῖς

131 2827 220 2885 ῖῆς
246 2819 511 2890 τεκούσης
535 2821 824 2890 ἐφώρασεν
846 2826 1053 2890 χερσίν.
1115 2819 1395 2883 Διόνυσος
1430 2818 1491 2873 δὲ
1517 2821 1719 2883 ἐπιφα-
1731 2826 1785 2867 20
