2022 3126
592 83 674 124 DE
704 82 1010 124 EVRIPIDIS
1039 82 1292 123 INGENIO
1592 84 1755 124 XXXV

129 226 185 259 ea
224 211 416 259 vixisset
453 214 609 256 aetate
636 220 729 268 qua
755 206 960 270 pristina
986 205 1270 269 simplicitas
1298 213 1345 254 et
1369 210 1567 273 antiqua
1604 210 1757 274 pietas

127 282 282 343 magis
318 281 369 326 in
407 277 509 324 dies
544 275 832 324 labefactata
873 281 920 323 et
956 289 1112 338 paene
1150 283 1292 324 exuta
1327 284 1467 331 esset,
1507 294 1599 341 qua
1638 279 1757 327 nihil

127 364 227 398 non
279 349 329 395 in
379 346 579 394 dubium
627 351 906 401 vocaretur,
964 359 1055 407 qua
1106 344 1317 409 denique
1366 347 1524 394 omnis
1578 350 1758 397 iustitia

127 416 316 467 sublata
353 415 618 466 videretur.
690 428 923 462 revocare
969 416 1176 477 pristina
1214 421 1436 479 tempora
1474 430 1565 463 nec
1606 420 1760 480 potuit

127 492 268 550 poeta
306 499 397 533 nec
434 484 701 548 temptavit,
741 483 827 532 sed
854 499 910 532 eo
948 483 1184 540 incubuit,
1224 491 1278 532 ut
1303 486 1569 549 sapientiae
1597 501 1760 535 amore

127 556 301 604 civium
339 556 527 603 animos
564 553 823 602 imbueret.
885 555 953 601 ita
989 554 1094 617 ipse
1128 554 1340 618 quodam
1377 554 1525 603 modo
1562 563 1762 604 novator

128 626 298 681 extitit,
338 624 547 685 ideoque
585 622 645 672 ab
672 622 994 686 Aristophane
1021 623 1182 671 tenaci
1219 625 1531 688 antiquorum
1570 639 1763 674 morum

127 695 387 744 defensore
413 694 654 741 acerrime
691 694 1004 755 impugnatus
1032 699 1117 746 est,
1158 695 1297 755 quasi
1333 708 1531 757 pravam
1556 696 1764 743 maxime

127 763 348 813 laudaret
385 769 433 812 et
481 764 667 811 foveret
713 778 836 826 quae
874 762 1196 811 Athenienses
1242 764 1511 812 incesserat
1556 765 1766 814 novandi

127 833 401 882 libidinem.
450 847 620 881 verum
661 835 790 880 enim
829 847 943 880 vero
970 833 1084 896 quid
1124 832 1184 880 de
1219 847 1305 881 sua
1345 840 1502 881 aetate
1538 834 1766 883 iudicarit

123 903 410 967 Euripides,
461 917 520 950 ex
556 903 711 966 ipsius
748 902 1013 964 tragoediis
1050 903 1166 952 satis
1205 908 1278 950 est
1321 906 1656 967 perspicuum.
1715 906 1764 952 in

128 974 267 1037 poesi
307 979 354 1022 et
390 971 701 1035 philosophia
740 972 1013 1020 remedium
1041 973 1279 1036 quaesivit
1316 974 1466 1022 animi
1503 976 1766 1023 aestuantis

130 1049 177 1090 et
230 1057 539 1090 communem
584 1056 753 1091 rerum
802 1042 1015 1090 civilium
1065 1042 1488 1106 perturbationem
1538 1043 1764 1095 dolentis,

129 1128 185 1161 ac
238 1111 450 1160 libenter
506 1111 670 1160 firmas
724 1110 833 1160 illas
880 1117 928 1160 et
975 1112 1092 1160 fixas
1139 1111 1297 1175 leges,
1347 1112 1523 1177 quibus
1573 1106 1766 1179 ἀγήρως

128 1179 324 1244 φύσεως
368 1179 550 1244 κόσμος
606 1188 833 1243 regatur,
890 1189 1122 1244 tanquam
1169 1182 1390 1246 exempla
1446 1182 1636 1231 homini
1692 1198 1766 1231 se·

129 1251 320 1316 quenda
378 1249 830 1313 commemorat⁶5):
899 1251 1026 1299 idem
1084 1265 1201 1300 vero
1255 1268 1426 1301 rerum
1482 1251 1767 1302 observator

128 1322 223 1370 fuit
260 1320 663 1383 diligentissimus
701 1327 751 1369 et
787 1319 1043 1386 multiplici
1080 1321 1226 1369 modo
1255 1323 1377 1370 vitae
1414 1329 1515 1371 tam
1543 1322 1767 1386 publicae

130 1406 275 1455 quam
315 1392 535 1455 privatae
572 1392 621 1439 in
660 1391 926 1452 tragoediis
962 1393 1202 1439 rationem
1240 1391 1425 1440 babuit.
1487 1393 1678 1456 probat,
1718 1401 1769 1441 ut

129 1475 218 1524 par
257 1467 384 1516 erat,
434 1460 670 1524 populare
707 1462 995 1524 imperium,
1044 1461 1130 1509 sed
1170 1461 1439 1510 detestatur
1487 1462 1768 1511 effrenatam

130 1530 290 1593 plebis
327 1530 575 1578 licentiam
613 1529 757 1578 nullis
794 1530 975 1578 finibus
1014 1531 1272 1579 coercitam
1290 1528 1368 1592 66).
1443 1546 1542 1580 non
1582 1533 1770 1580 divitias

132 1606 215 1648 aut
261 1601 456 1662 generis
500 1599 804 1648 nobilitatem
841 1599 1029 1655 laudat,
1081 1600 1167 1648 sed
1207 1616 1399 1650 morum
1445 1601 1769 1663 probitatem:

132 1669 309 1718 nothos
348 1675 395 1717 et
441 1684 607 1717 servos
645 1671 892 1717 immerito
931 1668 1197 1719 arbitratur
1234 1672 1535 1735 contemptui
1580 1671 1769 1727 haberi,

131 1738 309 1804 quibus
356 1753 535 1787 nomen
574 1740 638 1787 sit
675 1738 995 1801 probrosum,
1046 1755 1158 1789 cum
1196 1754 1343 1804 saepe
1391 1756 1484 1789 usu
1521 1743 1682 1790 veniat
1719 1750 1772 1790 ut

132 1807 269 1856 nothi
306 1807 535 1871 legitimis
572 1807 684 1856 filiis
721 1823 778 1856 ac
813 1807 982 1857 liberis
1020 1808 1300 1858 hominibus
1336 1812 1463 1859 servi
1504 1813 1686 1861 virtute
1724 1818 1772 1860 et

131 1879 358 1942 generosi
415 1879 565 1926 animi
615 1877 780 1926 indole
835 1880 1114 1941 superiores
1168 1876 1354 1945 sint67).
1432 1883 1647 1944 graviter
1698 1882 1772 1930 in-

186 2080 197 2094 l
242 2029 316 2080 65)
351 2028 421 2070 Cf.
455 2030 510 2073 fr.
541 2032 646 2071 902:
686 2022 844 2093 ὄλβιος
876 2021 1006 2079 ὅστις
1038 2030 1124 2086 τῆς
1163 2029 1373 2087 ἴστορίας
1405 2029 1509 2100 ἔσχε
1539 2028 1773 2089 μάθησιν,

131 2099 249 2139 μητε
277 2084 483 2126 πολιτῶν
514 2079 592 2127 ε’πὶ
621 2098 903 2140 πημοσυνην
933 2083 1047 2141 μήτ’
1071 2085 1140 2136 εἰς
1162 2082 1361 2137 ἀδίκους
1381 2088 1579 2142 πραξεις
1600 2084 1772 2144 ὁρμῶν,

134 2133 236 2205 ἄλλζ
267 2133 524 2206 οἱθανοῖτου
553 2141 779 2205 κοιθορῶν
810 2138 998 2196 φύσεως
1020 2139 1198 2196 κόσμον
1220 2137 1422 2198 ἀγήρων.
1474 2146 1645 2188 Phoen.
1667 2148 1771 2188 546:

135 2191 219 2238 εἷθ-
270 2199 406 2248 ηλιος
435 2192 525 2249 μὲν
554 2197 643 2249 νυξ
665 2212 714 2239 τε
747 2196 968 2241 δουλεύει
999 2198 1202 2253 βροτοῖς,
1233 2195 1291 2242 σύ
1314 2193 1358 2242 δ’
1386 2196 1472 2242 οὐκ
1495 2195 1657 2254 ἆνὲξει
1679 2196 1772 2244 κτὲ.

244 2251 321 2306 66)
355 2253 511 2306 Suppl.
543 2255 647 2295 244:
680 2253 823 2308 τριῶν
854 2250 908 2295 δὲ
939 2255 1115 2309 μοιρῶν
1145 2252 1175 2309 ἡ
1207 2250 1258 2298 ἐν
1287 2253 1414 2314 μέσῳ
1436 2251 1570 2309 σώζει
1590 2251 1774 2309 πόλεις,

133 2301 308 2361 κόσμον
348 2302 643 2361 φυλάσσουσ’
683 2302 816 2351 ὅντιν
848 2300 907 2350 ἂν
938 2305 1058 2366 τάξῃ
1087 2306 1238 2359 πόλις.
1306 2313 1361 2355 fr.
1395 2315 1498 2355 628:
1541 2308 1675 2367 δήιιω
1717 2310 1771 2356 δὲ

133 2357 252 2417 μήτε
272 2362 371 2404 πᾶν
395 2357 661 2419 ἄναρτήσῃς
683 2362 853 2419 κροῖτος
873 2360 986 2421 μήτ’
1010 2356 1072 2409 αὖ
1093 2365 1337 2423 κολούσῃς,
1358 2368 1563 2411 πλοῦτον
1586 2356 1775 2421 ἕνῦιμον

133 2418 336 2475 τιθείς»
369 2425 567 2461 ceterum
607 2421 663 2462 de
702 2423 838 2462 rebus
877 2422 1078 2475 publicis
1116 2424 1225 2477 quid
1263 2425 1481 2466 iudicarit
1511 2425 1774 2479 Euripides,

134 2475 381 2527 diligenter
411 2477 599 2528 exponit
623 2476 672 2518 O.
697 2477 915 2529 Schenkl,
946 2481 1027 2520 Die
1054 2481 1307 2530 polittechen
1326 2482 1668 2534 Ansckauunyen
1699 2484 1772 2522 des

133 2531 367 2629 Euripiggs
385 2532 658 2629 in5ggitsckr.
675 2534 754 2583 f‘ur
766 2534 1018 2576 §ster—reich.
1038 2536 1288 2589 Gymnasien
1303 2551 1345 2580 a.
1365 2539 1473 2578 1862
1491 2551 1533 2590 p.
1551 2539 1782 2579 357—379·

136 2594 184 2628 et
213 2600 255 2640 p.
343 2589 423 2628 5-
514 2618 525 2628 .

140 2686 162 2704 u
244 2644 322 2707 6J)
351 2644 534 2708 If'ragm.
567 2647 644 2686 20:
682 2639 747 2700 μὴ
780 2645 989 2688 πλοῦτον
1021 2646 1178 2702 εἴπῃς·
1216 2643 1324 2703 οὐχὶ
1361 2644 1597 2701 θαυμάζω
1634 2641 1771 2698 θεόν,

136 2709 190 2758 2²⁸
220 2710 285 2750 χω
315 2711 536 2748 κακιστος
567 2695 744 2753 ῥᾳδίως
775 2696 1020 2755 ἐκτήσατο,
1080 2704 1135 2748 fr,
1157 2706 1260 2745 822:
1291 2705 1520 2756 κρείσσων
1553 2701 1605 2745 δὲ
1636 2701 1772 2757 βαιὸς

137 2750 274 2802 omos
304 2747 520 2818 ἄβλαβῂς
551 2754 736 2809 βροτοῖς
766 2749 795 2812 ἢ
829 2756 965 2810 δῶμα
994 2752 1182 2816 πλούτῳ
1215 2759 1455 2814 δυσσεβῶς
1478 2753 1771 2813 ῶγκωμένον.

136 2807 192 2849 fr.
223 2810 322 2873 9525
370 2824 512 2863 τιμαν
551 2808 797 2861 πέπασθε,
850 2808 1038 2867 πλούτῳ
1079 2808 1129 2856 δ’
1170 2808 1343 2868 ἄρετάν
1381 2812 1772 2868 κατεργάσασθαι

138 2860 301 2904 δοκεῖτ
325 2893 338 2916 ,
374 2860 424 2906 ἐν
462 2860 657 2915 ἐσθλοῖς
696 2865 748 2910 δὲ
788 2864 1067 2922 καθήσεσθ’
1107 2862 1319 2925 ἄνολβοι.
1380 2872 1436 2912 fr.
1470 2873 1571 2912 345:
1614 2867 1684 2918 εἰς
1723 2862 1769 2910 δ’

1461 2951 1521 2987 <2⁶⁶
