2022 3126
785 120 1036 168 ΕΚΑΒΗ
1639 116 1739 168 179

266 260 388 319 ἀλλ’
417 260 491 328 ὡς
514 267 637 335 ἔχῃς
665 257 764 316 τὸν
786 257 996 331 χρυσὸν
1020 261 1080 313 ἐν
1104 258 1322 330 δόμοισι
1344 271 1476 324 σοῖς.
1630 273 1740 316 1245

267 351 480 452 λέγειςρ
468 347 531 403 δε
554 350 739 420 σαυτῷ
763 340 1044 415 πρόσφορ’
1074 346 1134 398 ἐν
1157 356 1412 399 κακοῖσιν
1436 340 1532 399 ω’ν.

267 431 382 503 τάχ’
411 424 517 487 οὗν
540 427 674 501 παρ’
702 426 838 500 ὑμῖν
865 428 1062 501 ῥάδιον
1088 430 1459 494 ξενοκτονεῖν·

266 514 399 589 ἡμῖν
422 517 488 571 δέ
506 512 560 587 γ’
587 511 817 585 αἰσχρὸν
838 525 1017 568 τοῖσιν
1033 509 1294 584 Ἐλλησιν
1317 513 1462 569 τόδε.

267 624 383 666 πως
408 623 513 657 ουν
535 617 598 655 σε
620 605 814 671 κρίνας
838 595 911 668 μὴ
936 595 1152 653 ἀδικεῖν
1177 597 1340 668 φύγω
1364 597 1571 669 ψόγους

269 684 372 741 οὐκ
397 680 467 741 ἂν
491 688 787 755 δυναίμην.
816 679 939 738 ἄλλ’
968 684 1099 738 ἐπεὶ
1111 680 1177 737 τὰ
1201 681 1274 753 μὴ
1299 680 1440 737 καλὰ
1635 696 1743 738 1250

266 771 538 843 πράσσειν
564 769 808 840 ἐτόλμας,
833 772 1000 837 τλῆθι
1024 769 1117 822 καὶ
1141 769 1207 822 τὰ
1235 764 1308 838 μὴ
1337 773 1489 839 φίλα.

80 860 262 911 ΠΛΜ.
290 864 466 927 οἶμοι,
490 853 780 926 γυναικός,
807 849 880 917 ὡς
905 849 1060 923 ἔοιχ’,
1087 849 1406 923 ἡσσώμενος

288 940 492 1011 δούλης
513 936 700 1010 ὑφέξω
722 950 836 1002 τοῖς
858 942 1114 993 κακίοσιν
1139 941 1319 1008 δίκην.

78 1030 192 1079 ΕΚ.
285 1023 498 1080 ουκουν
522 1028 776 1093 δικαίως,
804 1031 957 1092 εἴπερ
984 1021 1221 1094 εἰργάσω
1246 1020 1418 1088 κακάς

77 1115 261 1164 ΠΛΜ
290 1118 436 1181 οἴμοι
459 1110 671 1165 τέκνων
694 1105 862 1163 τῶνδ’
893 1104 1153 1179 ὀμμάτων
1175 1103 1216 1162 τ’
1247 1109 1412 1178 ἐμῶν,
1438 1105 1617 1170 τάλας.
1636 1120 1744 1161 1255

82 1200 192 1249 ΕΚ.
295 1193 504 1266 ἀλγεῖς·
533 1200 591 1249 τί
613 1191 697 1249 δ’·
683 1186 759 1264 ςῆ
777 1190 864 1264 ’με
888 1190 1084 1257 παιδὸς
1109 1189 1213 1247 οὐκ
1237 1189 1429 1262 άλγεῖν
1457 1195 1668 1257 δοκεῖςς

75 1285 262 1334 ΠΛΜ.
288 1286 497 1350 χαίρεις
521 1276 811 1351 ὑβρι’ζουσ’
847 1283 921 1343 εἰς
946 1274 1027 1348 ἔμ’
1035 1320 1049 1346 ς
1079 1300 1120 1333 ω
1148 1282 1431 1381 πανοῦργε
1455 1276 1554 1343 σύς

75 1362 363 1419 ΕΚ.ού
391 1364 495 1436 γάρ
519 1386 586 1434 με
608 1370 823 1435 χαίρειν
837 1363 949 1465 χρή
976 1380 1038 1417 σε
1060 1362 1511 1433 τιμωρουμένηνς

76 1454 263 1502 ΠΛΜ.
291 1445 412 1503 ἀλλ’
441 1471 510 1504 ου
536 1445 676 1519 τάχ’,
702 1444 850 1518 ἡνίκ’
878 1445 949 1502 άν
973 1464 1035 1502 σε
1059 1453 1257 1503 ποντία
1279 1447 1428 1511 νοτὶς

78 1538 192 1588 ΕΚ.
294 1557 415 1604 μων
438 1532 788 1606 ναυστολήσῃ
813 1538 913 1603 γῆς
942 1528 1109 1603 όρους
1134 1529 1478 1601 Ἑλληνίδοςς
1635 1544 1745 1587 1260

77 1623 265 1672 ΠΛΜ.
293 1618 515 1690 κρύψῃ
509 1617 608 1674 ιιὲν
632 1619 736 1674 οὐν
760 1622 1044 1673 πεσοῦσαν
1068 1621 1127 1672 ἐκ
1153 1622 1484 1687 καρχησίων.

78 1708 194 1757 ΕΚ.
294 1701 430 1774 πρὸς
455 1709 556 1758 τοῦ
579 1708 780 1773 βιαίων
803 1702 1190 1773 τυγχάνουσαν
1215 1697 1500 1771 αλμάτωνς

77 1793 264 1842 ΠΛΜ.
293 1784 433 1858 αὐτὴ
459 1785 595 1859 πρὸς
621 1785 774 1842 ἱστὸν
797 1785 931 1852 ναὸς
957 1783 1192 1857 άμβήσει
1217 1790 1366 1841 ποδί.

78 1878 193 1926 ΕΚ.
294 1869 627 1943 ὑποπτέροις
650 1871 908 1927 νώτοισιν
932 1867 967 1942 ἢ
993 1877 1133 1945 ποίῳ
1159 1869 1375 1944 τρόπῳς

79 1963 265 2012 ΠΛΜ.
293 1957 450 2012 κύων
473 1956 696 2028 γενήσει
721 1953 890 2028 πύρσ’
923 1962 1122 2026 ἔχουσα
1147 1958 1440 2026 δέργματα.
1636 1968 1744 2011 1265

78 2048 193 2097 ΕΚ.
297 2047 413 2107 πῶς
441 2039 493 2097 δ’
523 2040 688 2097 οἶσθα
713 2047 931 2114 μορφῆς
955 2047 1049 2112 τῆς
1073 2044 1203 2112 ἐμῆς
1227 2040 1582 2111 μετάστασινς

77 2133 263 2181 ΠΛΜ.
295 2123 322 2182 ὃ
350 2128 521 2197 Θρῃξὶ
547 2126 740 2197 μάντις
766 2125 884 2182 εἶπε
906 2126 1186 2191 Διόνυσος
1209 2126 1356 2181 τάδε.

79 2218 194 2266 ΕΚ.
297 2211 383 2266 σοὶ
408 2207 461 2266 δ’
491 2207 595 2267 οὐκ
620 2216 849 2314 ἔχρησεν
874 2209 1043 2266 οὖδεν
1068 2234 1149 2266 ων
1174 2217 1312 2281 ἔχεις
1335 2232 1554 2276 κακωνς

79 2303 266 2351 ΠΛΜ.
295 2318 363 2363 ου
387 2295 492 2368 γάρ
520 2292 643 2351 ποτ’
673 2292 742 2351 ἂν
767 2293 838 2352 σύ
861 2293 918 2367 μ’
953 2292 1092 2360 εἷλες
1118 2287 1227 2351 ὠδε
1250 2315 1358 2350 συν
1383 2295 1544 2367 δόλῳ.

79 2471 267 2520 ΠΛΜ
297 2470 578 2521 θανοῦσα·
609 2465 801 2541 τύμβῳ
827 2463 879 2521 δ’
910 2461 1084 2536 ὄνομα
1108 2470 1186 2539 σῷ
1211 2463 1534 2534 κεκλήσεται

83 2555 199 2604 ΕΚ.
302 2555 521 2622 μορφῆς
544 2549 839 2622 ἐπώνυμόν
866 2575 918 2607 τι
946 2556 1042 2622 τῆς
1076 2554 1204 2622 ἐμῆς
1237 2552 1406 2622 ἐρεῖςς

80 2641 266 2690 ΠΛΜ.
296 2633 466 2700 κυνὸς
492 2642 750 2708 ταλαίνης
771 2642 940 2708 σῆμα,
971 2641 1252 2701 ναυτίλοις
1276 2639 1497 2709 τέκμαρ.

80 2726 196 2774 ΕΚ.
301 2717 471 2775 οὐδὲν
495 2722 646 2790 μέλει
674 2745 765 2793 μοι
790 2728 894 2777 σοῦ
919 2723 987 2793 γε’
1008 2744 1100 2793 μοι
1126 2721 1317 2788 δόντος
1342 2728 1521 2794 δίκην.

81 2811 266 2859 ΠΛΜ.
296 2805 389 2860 καὶ
413 2804 516 2875 σήν
539 2802 583 2876 γ’
612 2803 823 2877 ἀνάγκη
847 2812 1019 2862 παῖδα
1032 2806 1373 2878 Κασάνδραν
1396 2817 1612 2863 θανεῖν.
1644 2820 1747 2866 1275

86 2895 196 2943 ΕΚ.
300 2886 568 2944 άπέπτυσ’
589 2908 600 2918 “
627 2889 774 2965 αὐτῷ
799 2897 969 2947 ταῦτα
995 2892 1084 2946 σοὶ
1108 2889 1308 2963 δίδωμ’
1340 2898 1499 2962 ἔχειν.

1309 2971 1372 3020 12
1387 2973 1412 3001 *
