2022 3126
203 38 308 117 334'
592 64 931 113 ΗΡΑΚΛΗΣ
961 62 1467 111 ΜΛῙΝΟΜΕΝΟΣ

391 204 681 280 πρόθυμός
705 207 878 274 ἐστιν,
902 198 936 274 ἡ
965 206 1251 274 προθυμία
1275 198 1325 256 δ’
1355 198 1576 272 ἄφρων·
1773 215 1861 260 310

392 288 424 348 ὃ
448 289 551 363 χρὴ
575 288 680 361 γὰρ
705 285 891 353 οὐδεὶς
919 285 991 360 μὴ
1016 284 1195 360 χρεων
1218 285 1381 356 θήσει
1405 287 1552 341 ποτέ.

207 384 319 434 ΧΟ.
391 381 442 432 εί
461 375 563 448 μὲν
585 374 906 429 σθενόντων
934 377 1045 428 τῶν
1071 374 1216 442 ε’μῶν
1242 368 1554 442 βραχιόνων

393 453 464 532 ἧν
487 465 568 524 τίς
594 456 647 514 σ’
675 455 943 530 ὑβρίζων,
977 459 1181 530 ῥᾳδίως
1210 455 1422 512 ἔπαυσά
1445 452 1489 525 γ’
1518 452 1609 510 ἄν·

395 551 505 602 νῦν
530 541 581 599 δ’
612 540 781 599 οὐδέν
805 546 985 614 ἐσμεν.
1032 539 1134 596 σὸν
1169 539 1231 595 δὲ
1259 537 1601 596 τούντεῦθεν
1638 553 1867 596 σκοπεῖν

398 628 546 694 ὅπως
570 628 758 684 διω’σει
783 626 876 692 τὰς
900 626 1090 697 τύχας,
1110 622 1482 696 Ἀμφιτρύων.
1781 638 1863 681 315

210 722 340 771 ΑΜ.
396 711 550 771 οῦτοι
574 710 634 769 τὸ
661 711 847 768 δειλὸν
873 709 1006 768 οὐδὲ
1030 715 1128 765 τοῦ
1158 715 1286 781 βίου
1310 708 1487 773 πόθος

395 808 597 855 θανεῖν
621 797 808 869 ἐρύκει
832 793 901 868 μ’,
930 793 1067 851 ἀλλὰ
1093 796 1252 850 παιδὶ
1277 793 1550 866 βούλομαι

402 890 575 940 σῶσαι
598 879 738 938 τέκν’
756 901 767 911 ·
800 879 977 946 ἄλλως
1002 877 1054 936 δ’
1081 877 1375 936 ἀδυνάτων
1400 875 1524 934 ἔοικ’
1553 880 1699 949 ε’ρᾶν.

401 967 528 1025 ἰδοῦ
553 968 818 1038 πάρεστιν
840 963 940 1038 ἥδε
966 965 1232 1039 φασγάνῳ
1264 966 1395 1036 δέρη

399 1066 615 1110 κεντεῖν
642 1051 934 1124 φονεύειν,
962 1054 1103 1106 ἰέναι
1127 1051 1325 1119 πέτρας
1353 1046 1476 1103 ἄπο.
1786 1060 1867 1105 32⁰

401 1145 533 1211 μίαν
558 1138 619 1194 δὲ
641 1143 758 1212 νῷν
784 1135 878 1201 δὸς
900 1136 1062 1207 χάριν
1079 1178 1092 1205 ,
1124 1132 1256 1200 ἅναξ
1272 1178 1285 1205 ,
1313 1133 1646 1204 ἱκνούμεθα·

404 1223 624 1280 κτεῖνόν
647 1245 738 1328 με
740 1223 833 1276 καὶ
857 1217 1013 1292 τήνδ’
1043 1217 1250 1275 ἀθλίαν
1274 1223 1490 1274 παίδων
1514 1218 1703 1288 πάρος,

405 1332 476 1374 ως
501 1306 573 1379 μὴ
599 1303 738 1363 τέκν’
767 1310 1088 1376 εἰσίδωμεν,
1121 1301 1345 1359 ἀνόσιον
1371 1305 1528 1375 θέαν,

402 1397 867 1497 ψυχορραγοῦντα
890 1392 982 1446 καὶ
1008 1394 1282 1445 καλοῦντα
1307 1389 1512 1459 μητέρα

406 1477 610 1550 πατρός
633 1500 692 1533 τε
716 1478 938 1547 πατέρα.
984 1472 1154 1530 τάλλα
1179 1471 1231 1528 δ’
1261 1464 1297 1546 ᾗ
1324 1472 1614 1544 πρόθυμος
1641 1495 1687 1528 ει
1794 1484 1876 1528 325
1924 1514 1930 1519 ·

406 1561 638 1666 πρᾶσσ’·
676 1558 743 1618 οὐ
769 1585 874 1633 γαρ
901 1557 1075 1631 ἀλκὴν
1101 1565 1295 1630 ἔχομεν
1320 1554 1457 1613 ω’στε
1480 1556 1552 1629 μὴ
1577 1566 1792 1614 θανεῖν.

220 1656 347 1706 ΜΕ.
408 1646 559 1720 κάγω
586 1645 638 1704 6'
668 1651 928 1717 ἱκνοῦμαι
951 1644 1130 1716 χάριτι
1154 1651 1487 1715 προσθεῖναι
1508 1642 1686 1714 χάριν,

411 1731 542 1833 ἡμῖν
566 1730 631 1789 ιν’
661 1730 872 1833 ἀμφοῖν
899 1726 975 1795 εἷς
999 1727 1357 1800 ὑπουργήσῃς
1381 1732 1574 1784 διπλᾶ·

410 1819 616 1889 κόσμον
641 1817 809 1888 πάρες
834 1839 927 1886 μοι
952 1815 1109 1870 παισι
1131 1821 1462 1886 προσθεῖναι
1483 1817 1717 1883 νεκρῶν,

414 1904 617 1974 δόμους
641 1899 861 1967 ἀνοίξας
877 1919 887 1929 ·
924 1906 1032 1954 νῦν
1057 1897 1161 1969 γὰρ
1187 1901 1571 1972 ἐκκεκλῄμεθα·
1797 1908 1882 1952 330

412 1985 483 2052 ὡς
509 1984 647 2042 ἄλλα
667 1985 840 2041 ταῦτά
865 1982 908 2055 γ’
939 1979 1254 2054 άπολάβωσ’
1287 1989 1457 2037 οἴκων
1482 1980 1701 2052 πατρός.

227 2078 388 2128 ΛΤΚ.
417 2079 566 2128 ἔσται
590 2069 711 2126 τάδ’
730 2089 741 2099 ·
770 2078 945 2140 οἴγειν
970 2074 1189 2140 κλῇθρα
1213 2066 1542 2138 προσπόλοις
1566 2067 1723 2137 λέγω.

414 2154 702 2228 κοσμεῖσθ’
733 2161 839 2211 ἔσω
864 2152 1150 2224 μολόντες·
1185 2149 1252 2207 οὗ
1285 2156 1486 2222 φθονῶ
1512 2152 1751 2206 πέπλων.

418 2240 551 2298 όταν
576 2241 638 2296 δε
661 2240 870 2310 κόσμον
894 2237 1271 2343 περιβάλησθε
1296 2236 1561 2306 σώμασιν,

416 2324 525 2398 ἥξω
551 2323 689 2429 πρὸς
711 2322 852 2395 ὑμᾶς
875 2324 1107 2395 νερτέρα
1135 2321 1332 2377 δώσων
1356 2325 1539 2391 χθονί.
1803 2331 1886 2375 335

233 2418 356 2467 ΜΕ.
415 2435 455 2466 ω
481 2408 620 2466 τέκν’
627 2406 931 2481 ,ὁμαρτεῖτ’
962 2404 1141 2481 ἀθλίῳ
1167 2404 1372 2477 μητρὸς
1401 2406 1532 2460 ποδὶ

419 2501 677 2570 πατρῷον
703 2500 778 2559 είς
802 2495 1106 2565 μέλαθρον,
1136 2492 1202 2546 οῦ
1228 2497 1322 2561 τῆς
1347 2487 1539 2554 οὐσίας

423 2578 578 2636 άλλοι
602 2575 981 2652 κρατοῦσι,τό
1009 2575 1062 2632 δ’
1092 2573 1237 2647 ὄνομ’
1267 2572 1389 2631 ἔσθ’
1419 2571 1575 2645 ἡμων
1601 2578 1694 2628 ἔτι.

240 2669 365 2721 ΑΜ.
423 2688 463 2719 ω
489 2671 628 2735 Ζεῦ,
660 2664 835 2736 μάτην
859 2659 939 2735 αρ’
973 2658 1255 2732 ὁμόγαμόν
1284 2658 1337 2715 σ’
1369 2658 1695 2730 ἐκτησάμην,

422 2750 596 2821 μάτην
625 2749 686 2804 δε
709 2745 903 2812 παιδὸς
930 2743 1079 2818 γονέ’
1110 2748 1241 2816 ἐμοῦ
1269 2741 1320 2800 6'
1349 2744 1671 2816 ἐκλῄζομεν·
1807 2755 1890 2799 340

425 2833 497 2891 σὺ
524 2832 576 2890 δ’
605 2826 737 2905 ἦσθ’
767 2830 846 2904 αρ’
881 2824 1052 2902 ἧσσον
1076 2826 1113 2902 ἦ
1130 2827 1329 2894 ’δόκεις
1359 2827 1498 2884 εἶναι
1524 2833 1700 2899 φίλος.
