2022 3126
59 1441 173 1490 ΗΛ.

56 1863 164 1912 ΠΡ.

733 116 838 161 ΗΛ
844 115 1056 160 ΕΚΤΡΑ
1604 110 1702 165 257

246 258 318 320 ὡς
347 255 655 326 πρόσβασιν
677 250 843 309 τῶνδ’
874 251 1079 324 ὀρθίαν
1106 263 1275 310 οἴκων
1300 259 1408 325 ἔχει

244 343 395 414 ῥυσῷ
418 342 636 410 γέροντι
658 342 800 412 τῷδε
824 344 1132 409 προσβῆναι
1155 343 1301 394 ποδί.
1622 352 1703 396 490

244 421 389 494 ὅμως
415 424 476 478 δὲ
501 422 636 493 πρός
659 445 722 492 γε
746 419 876 487 τοὺς
903 428 1103 492 φίλους
1128 424 1406 488 ἐξελκτέον

243 513 446 578 διπλῆν
470 504 724 561 ἄκανθαν
749 508 840 562 καὶ
864 512 1206 577 παλίρροπον
1233 507 1387 577 γόνυ.

246 585 289 647 ὦ
312 591 583 662 θύγατερ,
613 588 736 662 ἄρτι
760 591 863 661 γάρ
888 608 949 645 σε
973 589 1108 661 πρὸς
1133 592 1321 661 δόμοις
1345 588 1475 661 ὁρῶ,

242 674 357 747 ῆκω
382 678 570 747 φέρων
593 693 680 730 σοι
703 681 816 731 τῶν
843 679 990 745 έμῶν
1013 675 1372 745 βοσκημάτων

243 766 477 831 ποίμνης
500 758 736 830 νεογνὸν
761 757 965 830 θρέμμ’
996 756 1317 823 ὑποσπάσας
1342 759 1469 814 τόδε
1623 772 1707 815 495

242 844 551 916 στεφάνους
571 867 630 899 τε
652 847 891 914 τευχέων
913 841 961 898 τ’
991 843 1189 909 ἐξελών
1211 843 1539 913 τυρεύματα,

245 929 478 985 παλαιόν
505 951 563 984 τε
587 929 944 999 θησαύρισμα
967 928 1255 983 Διονύσου
1278 928 1406 983 τόδε

243 1011 383 1087 ὀσμῇ
407 1018 665 1084 κατῆρες,
689 1012 917 1083 μικρόν,
945 1009 1066 1067 ἀλλ’
1097 1015 1445 1083 έπεισβαλεῖν

239 1095 347 1169 ἡδὺ
372 1096 591 1168 σκύφον
615 1097 772 1152 τοῦδ’
801 1095 1183 1171 ἀσθενεστέρῳ
1208 1103 1370 1171 ποτῷ.

242 1191 338 1237 ἴτω
365 1184 553 1253 φέρων
577 1204 655 1246 τις
678 1195 791 1247 τοῖς
814 1184 988 1248 ξένοις
1012 1180 1135 1237 τάδ’
1167 1187 1242 1246 εἰς
1268 1182 1471 1252 δόμους
1487 1199 1498 1209 ·
1626 1195 1707 1237 500

243 1265 348 1337 ἐγω
376 1267 437 1321 δὲ
462 1266 648 1337 τρύχει
670 1264 800 1322 τωδ
832 1269 978 1337 ἐμων
1001 1269 1225 1322 πέπλων
1248 1266 1413 1337 κόρας

242 1351 532 1422 δακρύοισι
557 1353 743 1421 τέγξας
769 1351 1164 1421 εξομόρξασθαι
1189 1352 1355 1405 θέλω.

1111 1432 1401 1454 ,,,,,,

243 1543 362 1591 μων
385 1517 527 1589 τάμὰ
551 1518 642 1574 διὰ
663 1520 866 1590 χρόνου
890 1517 941 1574 σ’
971 1518 1276 1591 ἀνέμνησεν
1309 1518 1476 1585 κακά;

242 1601 276 1675 ἢ
299 1603 393 1668 τὰς
415 1601 674 1708 Ὀρέστου
697 1604 966 1709 τλήμονας
991 1602 1175 1676 φυγὰς
1199 1605 1406 1668 στένεις
1625 1618 1703 1661 505

242 1690 334 1744 καὶ
359 1691 565 1759 πατέρα
589 1686 687 1743 τὸν
712 1688 870 1760 ἐμόν,
899 1685 963 1744 ὅν
987 1686 1108 1744 ποτ’
1136 1692 1196 1744 ἐν
1218 1701 1404 1759 χεροῖν
1430 1693 1569 1758 ἔχων

242 1769 466 1844 ἀνόνητ’
497 1773 738 1844 ἐθρεψάς
762 1779 854 1828 σοί
879 1796 936 1828 τε
960 1776 1052 1828 και
1075 1786 1189 1837 τοῖς
1212 1786 1326 1838 σοις
1354 1779 1567 1844 φίλοις;

242 1854 509 1928 ανόνηθ’·
536 1854 683 1927 ὅμως
706 1855 759 1913 δ’
789 1850 893 1912 οὖν
916 1858 1078 1913 τοῦτό
1102 1855 1155 1929 γ’
1185 1880 1288 1913 ουκ
1312 1855 1636 1929 ἠνεσχόμην.

243 1935 424 2013 ἦλθον
446 1964 551 2013 γαρ
577 1939 753 1997 αὐτοῦ
777 1941 914 2012 πρὸς
938 1943 1117 2014 τάφον
1141 1939 1372 2013 πάρεργ’
1403 1939 1539 1997 ὁδοῦ

242 2028 335 2082 καὶ
357 2024 687 2098 προσπεσών
713 2025 935 2082 ἔκλαυσ’
965 2031 1188 2099 ἐρημίας
1212 2027 1412 2097 τυχών,
1627 2043 1710 2082 510

244 2110 487 2175 σπονδάς
509 2133 596 2180 τε,
623 2111 791 2176 λύσας
817 2109 989 2167 ἀσκὸν
1014 2108 1080 2167 ὃν
1105 2114 1256 2182 φέρω
1283 2114 1474 2181 ξένοις,

246 2202 495 2264 ἔσπεισα,
523 2195 715 2270 τύμβῳ
741 2193 791 2250 δ’
820 2194 1120 2268 ἀμφέθηκα
1144 2202 1430 2267 μυρσίνας.

371 2285 394 2295 -
490 2276 786 2300 ,,,,,
1074 2281 1085 2297 ,
1365 2280 1376 2295 ,

248 2363 488 2435 σφάγιον
512 2367 726 2419 ε’σεῑδον
750 2361 881 2436 αἷμά
903 2363 953 2420 τ’
985 2363 1052 2420 ού
1078 2366 1244 2420 πάλαι
1267 2365 1445 2435 χυθεν

244 2451 452 2519 ξανθῆς
474 2471 531 2504 τε
554 2455 739 2519 χαίτης
762 2450 1100 2523 βοστρύχους
1124 2451 1509 2520 κεκαρμένους.
1626 2465 1708 2506 515

244 2531 584 2633 κάθαύμασ’,
611 2557 652 2588 ω
679 2547 803 2588 παι.
829 2541 910 2599 τίς
934 2532 1056 2590 ποτ’
1086 2531 1405 2605 ἆνθρωπων
1430 2540 1555 2605 ἔτλη

246 2616 382 2687 πρὸς
410 2617 623 2689 τύμβον
647 2620 860 2674 έλθειν·
888 2616 955 2674 ού
982 2617 1086 2689 γὰρ
1112 2615 1376 2689 Ἀργείων
1403 2621 1469 2689 γέ
1489 2638 1594 2683 τις·

250 2698 369 2756 ἀλλ’
398 2694 530 2772 ἦλθ’
560 2711 690 2766 ἴσως
714 2725 823 2758 που
849 2701 942 2767 σὸς
965 2709 1289 2774 κασίγνητος
1313 2703 1514 2774 λάθρᾳ,

246 2783 431 2856 μολων
460 2784 512 2841 δ’
542 2785 814 2858 ἐθαύμασ’
844 2784 1044 2842 ἄθλιον
1067 2787 1278 2858 τύμβον
1300 2787 1519 2856 πατρός.

248 2871 444 2935 σκέψαι
469 2870 530 2925 δὲ
552 2877 744 2942 χαίτην
769 2881 1127 2943 προστιθεῖσα
1151 2877 1219 2944 σῇ
1244 2871 1403 2943 κόμῃ,
1629 2885 1710 2927 520

195 2966 344 3000 uvam.
380 2969 483 3000 voL.
521 2956 555 3000 Ι.
1375 2950 1438 3000 17
