2022 3126
787 81 1123 127 ΙΚΕΤΙΔΕΣ
1672 79 1776 132 391

374 214 632 274 ἁπάντων
655 215 807 290 τέρμ’
837 224 1049 288 ἔχοντες
1072 217 1247 275 αὐτοί.

127 308 339 358 ΗΜΙΧ.
373 302 438 357 τὰ
463 308 810 374 καλλίπυργα
835 307 997 358 πεδία
1022 309 1135 368 πῶς
1155 304 1384 377 ἱκοίμεθ’
1405 303 1491 376 ἄν,
1575 328 1684 377 στρ.

373 393 718 458 Καλλίχορον
742 392 877 451 θεᾶς
900 384 1055 458 ῦδωρ
1081 395 1363 453 λιποῦσαι;

132 476 342 526 ΗΜΙΧ.
377 471 623 526 ποτανὰν
650 480 704 527 εἴ
724 474 795 542 μέ
814 495 894 536 τις
915 477 1070 527 θεῶν
1094 479 1291 542 κτίσαι,
1691 490 1775 532 620

376 556 677 627 διπόταμον
706 560 797 611 ἳνα
820 556 982 612 πόλιν
1007 557 1173 627 μόλω.

124 646 339 694 HMIX.
376 645 575 711 εἰδείης
599 637 668 695 ἂν
693 646 874 712 φίλων

137 750 139 753 ’
377 729 576 796 εἰδείης
602 721 670 780 ἄν
694 726 873 796 τύχας.

122 813 339 864 HMIX.
372 813 448 862 ἔτι
476 808 598 863 ποτ’
632 808 780 879 αἶσα,
806 816 885 875 τίς
911 808 1015 880 ἄρα
1040 811 1242 881 πότμος

374 896 615 964 ἐπιμένει
638 894 734 949 τὸν
759 891 990 965 ἄλκιμον

374 983 539 1033 τᾶσδε
561 984 659 1048 γᾶς
683 976 920 1045 &vantem
1696 996 1776 1039 625

120 1068 338 1117 HMIX.
371 1065 740 1133 κεκλημένους
755 1063 856 1134 μὲν
874 1061 1276 1135 ἀνακαλούμεθ’
1294 1058 1367 1120 αὖ
1386 1066 1552 1132 θεούς
1566 1086 1576 1096 ·
1661 1065 1774 1121 ἀντ.

373 1145 510 1202 ἀλλὰ
535 1148 729 1218 φόβων
754 1153 931 1212 πίστις
956 1146 1055 1204 ἅδε
1082 1149 1286 1219 πρῶτα.

123 1237 344 1286 ΗΜῙΧ.
381 1231 443 1286 ἰῶ
471 1238 609 1301 Ζεῦ,
635 1238 729 1297 τᾶς
754 1233 1190 1304 παλαιομάτορος

373 1317 672 1387 παιδογόνε
696 1316 886 1388 πόριος
904 1315 1128 1388 Ἰνάχου.

120 1403 336 1455 ΗΜΙΧ.
372 1400 528 1456 πόλει
550 1425 641 1472 μοι
665 1402 936 1473 ξύμμαχος
1692 1419 1778 1463 630

372 1491 539 1555 γενοῦ
565 1484 686 1558 τᾷδ’
716 1484 965 1558 εὐμενής.

119 1576 336 1624 ΗΜΙΧ.
374 1569 432 1624 τὸ
463 1574 565 1626 σὸν
589 1568 832 1641 ἄγαλμα,
860 1571 920 1626 τὸ
945 1571 1045 1627 σὸν
1070 1578 1274 1642 ἵδρυμα

373 1654 566 1720 πόλεος
590 1655 837 1727 έκκόμιζέ
857 1679 948 1727 μοι

369 1738 505 1810 πρὸς
530 1739 714 1810 πυρὰν
738 1737 1028 1811 ὑβρισθέν.

122 1829 276 1878 ΑΓΓ.
365 1837 650 1895 γυναῖκες,
679 1821 795 1896 ἥκω
820 1823 980 1881 πόλλ’
1012 1832 1150 1896 ἔχων
1174 1829 1357 1897 λέγειν
1381 1834 1532 1898 φίλα,

371 1905 535 1973 αὐτός
557 1932 616 1964 τε
641 1916 871 1980 σωθείς,
897 1907 1112 1983 ᾑρέθην
1136 1910 1239 1982 γὰρ
1267 1915 1326 1966 ἐν
1349 1912 1508 1984 μάχῃ,
1692 1926 1775 1970 635

369 1991 440 2064 ἣν
464 1998 521 2049 οἱ
539 1994 835 2050 θανόντων
859 1994 992 2051 ἑπτὰ
1017 2001 1301 2052 δεσποτῶν
1326 1996 1475 2067 λόχοι

369 2076 714 2149 ἠγωνίσαντο
743 2082 918 2150 ρ”εῦμα
940 2089 1215 2150 Διρκαῖον
1240 2080 1402 2153 πάρα,

370 2168 532 2233 νίκην
556 2186 615 2218 τε
640 2167 860 2234 Θησέως
884 2163 1149 2236 ἀγγελῶν.
1212 2165 1382 2236 λόγου
1408 2169 1473 2222 δέ
1491 2185 1553 2221 σε

371 2253 585 2317 μακροῦ
613 2245 947 2304 ἀποπαύσω·
975 2252 1281 2314 Καπανέως
1304 2250 1409 2321 γὰρ
1433 2243 1469 2321 ἦ
1501 2251 1710 2324 λάτρις,

370 2329 436 2387 ὃν
459 2330 599 2396 Ζεὺς
623 2340 876 2407 κεραυνῶ
903 2334 1169 2408 πυρπόλω
1195 2343 1538 2392 καταιθαλοῖ.
1694 2349 1777 2392 640

122 2423 234 2472 XO.
368 2408 412 2471 ῶ
437 2414 677 2487 φίλτατ’,
706 2418 768 2471 εὐ
791 2418 892 2488 μὲν
914 2419 1111 2474 νόστον
1135 2415 1416 2490 ἀγγέλλεις
1440 2422 1609 2476 σέθεν

368 2501 470 2571 τήν
495 2498 544 2555 τ’
572 2498 715 2572 ἀμφὶ
741 2505 960 2573 Θησέως
983 2504 1166 2574 βάξιν
1195 2510 1246 2560 εἰ
1268 2505 1328 2560 δε
1351 2529 1444 2561 και
1467 2504 1694 2577 στρατὸς

369 2591 476 2649 σῶς
501 2582 614 2640 ἐστ’
637 2583 920 2658 Ἀθηνῶν,
945 2587 1108 2643 πάντ’
1136 2584 1204 2644 ἂν
1228 2587 1512 2661 ἀγγέλλοις
1537 2596 1687 2659 φίλα.

117 2674 275 2727 ΑΓΓ.
366 2675 490 2734 σῶς,
519 2672 612 2725 καὶ
635 2670 977 2743 πεπραγμέν’
999 2670 1072 2730 οἷ’
1097 2670 1400 2745 ’Ἄδραστος
1425 2672 1607 2745 ῶφελε

370 2756 569 2825 πρᾶξαι
595 2754 696 2820 ξὺν
716 2752 1072 2827 Ἀργείοισιν,
1101 2754 1198 2822 οὓς
1224 2756 1320 2814 ἀπ’
1342 2757 1551 2830 Ἰνάχου
1692 2771 1774 2815 645

633 2850 718 2894 618
732 2874 793 2880 -
809 2854 892 2897 625
916 2867 983 2888 ΞΣ
1006 2855 1091 2898 626
1109 2876 1165 2883 -
1181 2857 1266 2900 633
