2022 3126
232 76 335 127 358

238 316 350 366 XO.

239 656 369 704 AM.

246 1082 356 1130 XO.

248 1252 354 1300 ΗΡ.

619 78 963 124 ΗΡΑΚΛΗΣ
989 77 1495 125 ΜΛΙΝΟΜΕΝΟΣ

425 220 561 291 πρὸς
579 217 822 288 Ἐρινύσι
847 216 908 273 θ’
939 215 1071 290 αἷμα
1095 219 1375 290 σύγγονον
1400 220 1522 286 ἕξει.

427 306 547 362 τότε
572 314 771 359 θανεῖν
797 301 847 358 σ’
879 307 1066 374 ἐχρῆν,
1093 301 1183 360 ὅτε
1208 304 1442 375 δάμαρτι
1465 310 1534 378 σᾷ

428 390 605 462 φόνον
629 387 957 459 ὁμοσπόρων

428 482 647 547 ἔμελλες
671 473 959 545 ἐκπράξειν

434 566 663 631 Ταφίων
688 565 1055 631 περίκλυστον
1083 557 1220 614 ἄστυ
1247 563 1466 629 πέρσας.
1785 572 1894 616 1080

434 651 587 720 φυγᾷ
613 650 794 717 φυγᾷ,
820 646 1102 716 γέροντες,
1135 641 1351 715 ἀποπρὸ
1379 644 1647 716 δωμάτων

430 731 656 787 διώκετε
682 729 915 801 φεύγετε
940 729 1154 801 μάργον

427 814 586 887 ἄνδρ’
618 815 1055 887 ἐπεγειρόμενον.

427 902 559 972 τάχα
587 901 765 971 φόνον
790 903 992 972 ἑτέρων
1019 902 1107 955 ἐπὶ
1133 898 1290 974 φόνῳ
1314 898 1502 972 βαλών

431 985 519 1042 ἀν’
552 978 624 1041 αῦ
654 985 948 1058 βακχεύσει
974 991 1273 1057 Καδμείων
1299 985 1478 1041 πόλιν.
1794 997 1901 1041 1085

436 1066 479 1127 ῶ
504 1078 642 1141 Ζεῦ,
675 1077 732 1126 τί
751 1068 903 1126 παῖδ’
932 1068 1180 1142 ἤχθηρας
1207 1063 1305 1126 036²
1334 1068 1653 1140 ὑπερκότως

431 1156 528 1213 τὸν
557 1157 683 1226 σόν,
709 1162 897 1212 κακῶν
922 1156 983 1211 δὲ
1007 1159 1240 1226 πέλαγος
1266 1161 1342 1222 εἰς
1364 1153 1483 1211 τόδ’
1513 1152 1741 1227 ἤγαγεςς

427 1248 487 1299 ἔα
503 1261 514 1271 ·

434 1334 675 1399 ἔμπνους
697 1329 800 1398 μέν
826 1331 934 1397 εἰμι
957 1328 1051 1381 καὶ
1079 1323 1296 1397 δέδορχ’
1328 1323 1466 1396 ἅπερ
1491 1349 1557 1396 με
1583 1330 1684 1395 δεῖ,

435 1414 635 1479 αἰθέρα
659 1435 716 1467 τε
741 1414 834 1467 καὶ
858 1417 963 1483 γῆν
986 1410 1113 1478 τόξα
1137 1408 1197 1466 θ’
1219 1408 1411 1466 “Ηλιόυ
1439 1410 1594 1466 τάδε·
1800 1423 1908 1466 1090

437 1496 508 1563 ῶς
534 1495 587 1553 δ’
619 1500 679 1552 ἐν
704 1497 952 1552 κλύδωνι
976 1498 1068 1552 καὶ
1093 1502 1321 1568 φρενῶν
1345 1496 1649 1567 ταράγματι

433 1586 691 1640 πέπτωκα
717 1588 883 1656 δεινῷ
909 1584 1002 1637 καὶ
1025 1580 1199 1646 πνοὰς
1224 1579 1436 1652 θερμὰς
1461 1584 1609 1637 πνέω

434 1666 705 1741 μετάρσι’,
734 1665 801 1723 ού
828 1670 1053 1739 βέβαια,
1085 1666 1416 1740 πνευμόνων
1440 1664 1563 1722 ἄπο.

437 1754 591 1823 ἰδού,
617 1760 674 1809 τί
694 1759 915 1824 δεσμοῖς
936 1758 1075 1818 ναῦς
1100 1750 1250 1817 ὅπως
1276 1750 1636 1823 ὡρμισμένος

435 1845 666 1895 νεανίαν
693 1838 928 1909 θώρακα
950 1839 1043 1893 καὶ
1065 1844 1350 1909 βραχίονα,
1804 1849 1912 1891 1095

439 1923 576 1996 πρὸς
602 1921 967 1998 ἡμιθραύστῳ
993 1929 1167 1997 λαΐνῳ
1191 1929 1480 1993 τυκίσματι

436 2003 572 2082 ἧμαι
595 2021 843 2079 νεκροῖσι
867 2015 1117 2079 γείτονας
1141 2007 1355 2072 θάκους
1382 2014 1549 2077 ἔχων;

440 2094 690 2165 πτερωτά
716 2091 764 2148 τ’
794 2099 923 2164 ἔγχη
947 2094 1075 2160 τόξα
1099 2089 1148 2147 τ’
1178 2099 1442 2163 ἔσπαρται
1471 2094 1637 2166 πέδῳ,

443 2178 476 2236 ἃ
502 2181 635 2249 πρὶν
659 2175 1050 2249 παρασπίζοντ’
1082 2181 1230 2248 ἐμοῖς
1254 2184 1544 2249 βραχίοσιν

445 2272 608 2332 ἔσωζε
633 2261 876 2333 πλευράς
900 2266 952 2330 ἐξ
979 2266 1112 2334 ἐμοῦ
1138 2260 1187 2318 τ’
1217 2263 1458 2331 ἐσώζετο.
1812 2276 1921 2318 1100

445 2348 512 2406 οὔ
538 2372 648 2405 που
673 2354 956 2419 κατῆλθον
980 2342 1149 2413 αὖθις
1175 2353 1254 2411 εἰς
1284 2346 1478 2403 ”Ἀιδου
1508 2347 1673 2401 πάλιν

445 2432 792 2506 Εὐρυσθέως
817 2438 1051 2489 δίαυλον
1077 2430 1359 2498 εἰς”Αιδου
1382 2432 1602 2504 μολῶν;

446 2517 567 2575 ἀλλ’
597 2516 719 2575 οὔτι
742 2519 1056 2590 Σισύφειον
1081 2524 1277 2588 εἰσορῶ
1303 2520 1504 2588 πέτρον

447 2604 757 2661 Πλούτωνά
781 2601 830 2659 τ’
861 2601 994 2660 οὐδὲ
1019 2610 1267 2675 σκῆπτρα
1292 2603 1586 2674 Δήμητρος
1609 2601 1791 2672 κόρης.

451 2697 510 2746 ἔκ
537 2713 617 2744 τοι
642 2691 982 2760 πέπληγμαι·
1026 2694 1135 2744 ποῦ
1163 2686 1284 2743 ποτ’
1316 2684 1394 2742 ῶν
1423 2686 1721 2757 ἀμνημονῶ
1736 2715 1748 2753 ;
1821 2699 1927 2741 1105

453 2773 559 2846 ῶή,
587 2780 669 2839 τίς
695 2773 860 2844 ἐγγὺς
884 2770 919 2844 ἢ
943 2774 1132 2843 πρόσω
1161 2780 1343 2843 φίλων
1369 2776 1533 2843 ἐμῶν,

453 2861 757 2930 δύσγνοιαν
781 2856 928 2924 ὅστις
953 2859 1052 2928 τὴν
1078 2857 1214 2927 ἐμὴν
1241 2858 1478 2922 ἰάσεται;
