2022 3126
642 72 726 114 DE
754 72 1062 116 EVRIPIDIS
1092 72 1234 113 VITA
1635 71 1768 115 XVII

143 217 241 266 quo
287 201 439 263 magis
485 198 669 247 sensim
714 198 766 246 in
813 197 990 244 civium
1047 197 1234 245 animos
1279 211 1332 245 se
1377 198 1661 256 insinuavit,
1709 214 1767 247 eo

145 273 356 321 acriores
365 238 597 316 ”nanctus
625 273 695 315 est
721 266 1037 322 adversarios,
1061 266 1271 314 comicos
1296 265 1404 314 dico
1430 275 1610 331 poetas,
1649 282 1765 331 quo-

143 355 250 390 rum
297 352 445 386 nemo
492 343 576 385 aut
619 336 845 386 acerbius
889 342 972 384 aut
1017 336 1315 397 ingeniosius
1354 349 1465 384 eum
1516 340 1772 400 exagitavit

143 422 286 473 quam
324 406 687 469 Aristophanes,
761 406 845 470 qui
882 373 1096 454 tametsi⁰
1109 403 1444 469 philosophiae
1482 405 1773 470 Euripideae

142 492 314 541 parum
371 491 579 540 aequum
634 475 846 524 iudicem
891 490 943 524 se
997 474 1224 539 praebuit
1270 480 1317 523 et
1370 474 1548 523 multos
1604 479 1773 540 tragici

142 554 314 611 poetae
350 546 485 594 locos
531 547 693 594 iocose
731 546 885 607 magis
924 559 1068 608 quam
1114 544 1316 593 ludibrii
1353 560 1498 593 causa
1534 545 1583 593 in
1622 546 1771 596 risum

143 617 308 672 vertit,
359 617 484 664 miro
531 622 695 664 tamen
745 615 968 663 acumine
1015 620 1064 663 et
1112 615 1305 677 egregia
1353 629 1463 663 cum
1508 614 1772 666 subtilitate

143 686 312 752 poesin
360 685 626 735 adversarii
672 699 909 734 censurae
955 682 1162 733 subiecit
1210 699 1408 733 severae
1458 683 1531 733 illi
1577 685 1774 750 quidem

145 772 237 805 nec
274 762 435 804 tamen
473 769 678 819 prorsus
714 756 938 804 iniustae.
1014 754 1311 802 comicorum
1351 760 1609 819 poetarum
1648 754 1772 804 ludi-

146 825 252 875 brio
292 824 460 873 deberi
498 824 722 873 videntur
748 825 867 872 socii
904 822 974 873 illi
1000 829 1049 872 et
1087 823 1349 880 adiutoreS,
1389 839 1599 888 quorum
1626 839 1775 888 opera

146 898 197 945 in
233 894 408 943 fabulis
456 894 807 959 componendis
852 908 970 942 usus
1020 908 1126 942 esse
1172 899 1319 958 poeta
1366 894 1604 958 proditur.
1679 911 1776 960 quo

145 967 195 1014 in
233 978 438 1013 numero
476 971 672 1026 praeter
699 964 950 1012 Socratem
978 970 1423 1012 commemorantur
1448 965 1778 1014 Mnesilochus

146 1041 194 1083 et
220 1034 522 1082 Timocrates
546 1036 768 1097 ArgivuS‚
808 1034 1035 1095 inprimis
1073 1047 1186 1082 vero
1222 1032 1567 1099 Cephisophon
1605 1041 1778 1099 poetae

147 1119 330 1159 servus
371 1105 455 1168 qui
491 1110 544 1153 ut
579 1105 631 1152 in
668 1103 931 1165 tragoediis
969 1102 1242 1152 scribendis
1278 1105 1343 1152 ita
1379 1105 1430 1152 in
1469 1103 1638 1153 liberis
1677 1120 1777 1153 cre·

146 1173 284 1223 andis
332 1188 473 1238 opem
526 1174 571 1222 ei
617 1170 1008 1238 praestiterit21).
1080 1188 1191 1222 nam
1238 1172 1327 1223 suit
1373 1188 1430 1223 ea
1477 1176 1776 1224 comicorum

145 1355 319 1405 vicisse,
359 1366 446 1394 cum
477 1367 565 1395 eum
592 1367 724 1405 saepe
754 1355 967 1394 vincerent
996 1354 1154 1406 aliquot
1183 1361 1336 1406 poetae
1366 1355 1632 1406 tyrtanis-simi.
1691 1369 1780 1396 non

147 1385 397 1463 tragoe’diis
429 1409 508 1450 sed
546 1409 807 1476 tetralogiis
839 1410 1048 1473 quinque
1073 1413 1272 1476 poetam
1283 1410 1448 1450 vicisse
1488 1411 1780 1476 perspicuum

149 1470 236 1507 est.
289 1465 472 1506 Suidas:
505 1464 643 1513 νίκας
666 1462 718 1506 δὲ
742 1464 890 1506 εἵλετο
915 1458 962 1512 ε’,
994 1458 1077 1511 τοὶς
1108 1460 1195 1531 μὲν
1224 1461 1450 1529 τέσσαρας
1471 1462 1669 1533 περιών,
1694 1465 1781 1520 τὴν

151 1516 206 1562 δε
237 1520 351 1573 μιάν
381 1516 501 1572 μετὰ
532 1514 619 1586 την
640 1515 863 1573 τελευτὴν
893 1514 1257 1573 ἐπιδειξαμένου
1279 1514 1331 1561 τὸ
1355 1518 1514 1574 δρᾶμα
1535 1522 1618 1563 τοῦ
1641 1516 1781 1564 αδελ-

152 1575 301 1643 φιδοῦ
331 1573 479 1618 αὐτοῦ
511 1575 793 1627 Ευριπιᾛδου
852 1577 1019 1616 vitiose
1058 1577 1105 1616 in
1135 1577 1257 1617 vitae
1286 1577 1392 1620 Eur.
1424 1590 1491 1618 vs.
1524 1580 1600 1619 131
1644 1578 1781 1626 νίκας

152 1628 204 1673 δε
246 1627 319 1684 ἔχε
301 1646 340 1672 σι
371 1624 429 1673 ιε’
467 1632 682 1672 traditum
713 1637 801 1682 est,
845 1645 976 1683 quem
1006 1632 1236 1672 scribendi
1275 1645 1465 1673 errorem
1506 1637 1782 1686 propagavit

150 1687 349 1728 Thomas
379 1688 439 1728 M.
474 1701 514 1740 p
548 1690 641 1738 139,
675 1690 739 1728 20.
801 1691 1002 1727 ceterum
1043 1686 1251 1739 singulae
1293 1700 1411 1739 quae
1450 1689 1620 1729 fuerint
1650 1691 1782 1730 Euri-

151 1743 271 1795 pidis
301 1744 538 1792 victoriae,
569 1719 736 1783 nostris
757 1743 971 1783 subsidiis
994 1742 1220 1794 explorari
1240 1756 1328 1783 non
1359 1748 1524 1796 potest,
1560 1745 1619 1790 cf.
1641 1746 1782 1798 Berg-

151 1798 258 1839 kius
289 1799 335 1838 in
365 1798 584 1839 Meinekii
615 1799 735 1840 Com.
766 1798 856 1840 vol.
888 1801 912 1838 2
943 1812 984 1851 p
1017 1800 1112 1843 904.

261 1855 331 1902 21)
370 1854 678 1895 Mnesilochus
717 1854 951 1907 Euripidis
997 1867 1125 1894 socer
1168 1857 1263 1895 tum
1311 1868 1337 1895 a
1375 1855 1612 1898 Teleclide
1653 1854 1781 1909 (vide

151 1914 246 1951 not.
287 1908 360 1962 15)
401 1914 572 1950 torrere
612 1910 906 1963 Euripideam
945 1910 1146 1950 fabulam
1187 1910 1352 1951 dicitur
1390 1915 1485 1952 tum
1522 1913 1570 1953 in
1608 1913 1780 1954 Aristo-

152 1966 316 2019 phanis
338 1965 818 2019 Thesmophoriazusis
849 1970 1068 2019 tanquam
1098 1965 1212 2006 fidus
1244 1971 1406 2020 poetae
1429 1968 1579 2008 socius
1613 1969 1781 2010 festive

152 2022 336 2061 ridetur.
394 2023 697 2063 Timocratem
719 2022 934 2075 Argivum
966 2026 1185 2063 memorat
1214 2024 1313 2063 vita
1340 2023 1603 2076 Euripidea,
1639 2026 1779 2065 ceteri

152 2080 298 2117 testes
333 2077 563 2129 ignorant.
625 2077 703 2119 sed
741 2078 999 2130 verissime,
1031 2082 1083 2118 ut
1115 2077 1294 2131 opinor,
1336 2079 1563 2132 Bergkius
1596 2081 1782 2121 eundem

151 2132 375 2173 hominem
408 2133 604 2175 coniecit
643 2135 691 2174 in
723 2133 903 2174 Scholio
935 2134 1109 2175 Veneto
1139 2136 1246 2177 Eur.
1278 2136 1415 2175 Andr.
1446 2137 1529 2176 445
1569 2137 1781 2199 indicari,

152 2189 232 2229 ubi
269 2188 383 2228 haec
424 2194 602 2231 extantt
646 2186 908 2255 εἰλικρινῶς
949 2186 1001 2231 δὲ
1039 2185 1148 2237 τούς
1186 2188 1267 2231 τοῦ
1309 2185 1548 2256 δράματος
1587 2185 1782 2246 χρόνους

154 2256 241 2285 ουκ
273 2239 369 2285 ἔστι
400 2243 589 2298 λαβεῖν·
627 2239 682 2286 οὗ
715 2244 1000 2286 δεδίδακται
1037 2240 1126 2299 γάρ
1155 2240 1430 2309 Ἀθήνησιν·
1468 2240 1493 2289 ὁ
1527 2242 1580 2288 δὲ
1609 2248 1781 2289 Kaul-

151 2312 300 2352 μαχος
322 2294 644 2354 ἐπιγραφῆναι
667 2299 783 2354 φησὶ
816 2301 871 2354 τῇ
902 2300 1142 2357 τραγῳδίᾳ
1162 2295 1493 2357 Δημοκράτην.
1547 2316 1653 2356 ergo
1678 2304 1781 2344 Cal-

153 2355 349 2396 limacho
381 2360 501 2397 teste
524 2357 838 2397 Andiomacha
868 2370 958 2398 non
978 2345 1170 2398 Athenis
1192 2359 1273 2398 sed
1293 2359 1426 2410 Argis
1450 2372 1646 2400 scaenae
1668 2373 1782 2400 com-

152 2411 289 2452 missa
312 2416 381 2452 est
402 2418 620 2464 tanquam
641 2414 925 2454 Democratis
942 2419 1020 2453 aut
1041 2414 1315 2454 Timocratis
1339 2414 1514 2458 fabula.
1556 2416 1781 2456 interdum

155 2466 306 2507 alieno
326 2468 508 2508 nomine
541 2481 646 2510 usos
667 2481 774 2509 suas
807 2468 990 2509 fabulas
1021 2473 1183 2522 poetas
1205 2469 1402 2511 edidisse
1423 2484 1554 2511 nemo
1584 2472 1778 2525 ignorat

152 2526 300 2563 utrum
332 2517 643 2578 Δημοκράτης
673 2538 731 2565 an
768 2518 1065 2578 Τιμοκρατης
1095 2526 1290 2578 Argivus
1331 2525 1412 2566 ille
1447 2526 1596 2567 dictus
1629 2527 1780 2571 fuerit.

154 2578 299 2619 adhuc
328 2580 549 2620 incertum
580 2585 664 2621 est.
726 2581 778 2621 de
812 2580 873 2621 Ce
880 2580 1183 2633 phisophonte
1216 2581 1275 2621 cf.
1307 2581 1626 2648 Aristophanis
1655 2582 1780 2623 locus

154 2632 295 2683 (Com.
327 2637 351 2674 2
383 2649 424 2688 p
459 2634 590 2688 1177)
628 2636 676 2676 in
705 2636 803 2676 vita
833 2637 939 2676 Eur.
970 2649 1036 2678 vs.
1069 2638 1123 2678 95
1156 2636 1337 2677 allatus.
1404 2638 1452 2678 in
1493 2638 1780 2701 supellectile

154 2695 318 2754 poetae
348 2690 574 2731 hominem
594 2693 732 2731 istum
752 2696 971 2733 memorat
991 2693 1064 2733 Ar.
1087 2694 1203 2733 Ran.
1230 2695 1360 2734 1408·
1393 2687 1439 2741 ἐς
1460 2688 1542 2734 τὸν
1565 2690 1780 2744 σταθμὸν

156 2738 312 2797 αὐτός,
345 2759 404 2786 τα
433 2740 594 2787 παιδί’
601 2741 671 2801 ,ἡ
705 2741 843 2801 γυνή,
876 2748 1192 2814 Κηφισοφρν
1205 2742 1366 2813 ἔμβας
1380 2742 1633 2803 καθήσθω.
1674 2749 1780 2787 Dio—

156 2801 310 2860 nysius
338 2801 506 2843 ibidem
536 2803 813 2869 interrogat
822 2805 947 2844 1452:
981 2793 1033 2844 εὖ
1047 2819 1125 2869 γ,
1158 2793 1194 2846 ὦ
1224 2798 1529 2858 Παλάμηδες,
1563 2794 1597 2844 ὦ
1627 2814 1779 2853 σοφω-

157 2846 272 2907 τάτη
295 2849 459 2908 φύσις·
491 2856 626 2899 ταυτι
648 2851 813 2913 πότερ’
835 2852 975 2907 αὐτὸς
1004 2849 1146 2913 ηὗρες
1167 2875 1195 2914 η
1218 2859 1534 2913 Κηφισοφῶνς
1566 2859 1641 2899 Ar.
1666 2860 1777 2903 Rau.

238 2926 387 2962 EVRIP.
412 2928 518 2962 voL.
544 2930 569 2963 1.
1501 2931 1530 2977 h
