2022 3126
75 462 186 513 ΧΟ.

70 547 182 598 EA.

72 801 189 849 XO.

69 970 179 1018 EA.

69 1308 181 1359 XO.

69 1392 175 1440 EA.

65 2069 178 2117 XO.

69 2238 174 2287 EA.

788 144 1047 194 EAENH
1631 145 1731 196 195

263 286 542 358 τέθριππά
575 283 638 341 θ’
677 283 840 340 ἁλίου

263 373 351 439 [ἐς]
378 370 622 426 κέλευθά
644 367 693 424 τ’
728 366 990 441 ἀστέρων,

255 466 279 496 ιοι
372 468 395 493 *
486 467 509 494 ια
599 468 623 494 *
714 467 736 491 ια
829 459 851 484 *
940 459 965 487 *
1051 462 1077 493 ἡ

260 553 284 577 *
373 547 397 571 *
486 551 508 577 *
600 551 622 577 *ι
716 551 739 577 ²9<
831 549 855 578 ηε
946 544 971 570 *
1059 544 1081 570 ια

260 621 296 695 ἢ
316 623 369 680 ’ν
391 626 585 679 νέκυσι
608 625 745 678 κατὰ
768 620 972 693 χθονὸς

259 708 360 764 τὰν
385 707 621 779 χθόνιον
647 713 757 779 ἔχει
780 707 979 778 τύχαν;
1647 723 1730 766 345

261 799 336 858 εἰς
363 791 423 848 τὸ
451 795 721 865 φέρτερον
744 798 894 847 τίθει

259 877 320 934 τὸ
347 879 574 949 μέλλον,
602 874 632 932 ὅ
655 901 707 932 τι
729 877 1034 948 γενήσεται.

254 964 315 1018 σὲ
340 961 444 1034 γὰρ
471 961 725 1032 ἐκάλεσα,
752 961 813 1017 σὲ
838 961 899 1017 δὲ
924 961 1215 1032 κατόμοσα,

257 1045 355 1103 τὸν
378 1044 651 1116 ὑδρόεντα
677 1045 871 1102 δόνακι
895 1044 1113 1118 χλωρὸν

255 1129 555 1204 Εὐρώταν,
584 1131 857 1196 θανόντος
884 1136 935 1187 εἰ
956 1130 1109 1203 βάξις
1646 1148 1730 1190 350

257 1223 452 1287 ἔτυμος
478 1213 682 1288 ἀνδρὸς
706 1213 805 1272 ἅδε
828 1239 919 1287 μοι
966 1252 1038 1259 ἡ

257 1307 316 1356 τί
333 1297 454 1356 τάδ’
484 1298 752 1368 άσύνετα;

258 1386 457 1456 φόνιον
485 1386 735 1459 αἰώρημα

257 1468 349 1526 διὰ
373 1472 535 1542 δέρης
560 1468 831 1543 ὀρέξομαι,

253 1551 289 1625 ἢ
318 1554 646 1626 ξιφοκτόνον
677 1546 925 1626 διωγμόν

259 1641 560 1713 αἱμορύτου
619 1645 834 1711 σφαγᾶς
1646 1656 1728 1699 355

256 1722 629 1793 αὐτοσίδαρον
655 1730 760 1780 ἔσω
785 1723 1003 1779 πελάσω
1029 1722 1121 1779 διὰ
1148 1722 1350 1797 σαρκὸς
1375 1721 1626 1797 ἅμιλλαν,

252 1815 410 1879 θῦμα
433 1808 707 1881 τριζύγοις
730 1817 918 1865 θεαῖσι

252 1901 327 1967 τῷ
354 1916 412 1948 τε
436 1899 722 1964 συρίγγων
746 1890 942 1948 ἀοιδὰν
971 1899 1127 1965 σεβί-

253 1984 397 2045 ζοντι
420 1983 706 2052 Πριαμίδα
730 1975 852 2034 ποτ’
880 1975 1022 2049 ἀμφὶ
1049 1978 1456 2050 βουστάθμους.

248 2060 436 2118 &noo-⁹
469 2060 754 2134 ἀποτροπὰ
777 2069 964 2118 κακῶν
1643 2078 1728 2121 360

251 2149 494 2218 γένοιτο,
521 2146 580 2203 τὸ
609 2148 669 2204 δὲ
697 2147 798 2203 σὸν
824 2145 1063 2218 εὐτυχές.

247 2231 310 2287 ἰώ
346 2239 515 2304 Τροία
538 2232 786 2303 τάλαινα,

257 2314 332 2371 δι’
368 2315 486 2389 ἔργ’
518 2314 708 2389 ἄνεργ’
738 2314 971 2373 ὄλλυσαι
997 2317 1163 2388 μέλεά
1186 2313 1236 2372 τ’
1267 2322 1447 2382 ἔτλας·

251 2399 317 2456 τὰ
343 2398 394 2456 δ’
424 2400 526 2472 ἐμὰ
551 2406 703 2475 δῶρα
727 2402 1013 2473 Κύπριδος
1039 2408 1189 2457 ἔτεκε

253 2483 397 2540 πολὺ
420 2487 522 2556 μὲν
547 2483 706 2558 αἷμα,
734 2485 875 2542 πολὺ
903 2487 964 2542 δὲ
990 2486 1266 2557 δάκρυον,
1293 2483 1425 2558 άχεά
1447 2483 1498 2543 τ’
1527 2485 1697 2558 ἄχεσι,

251 2569 468 2641 δάκρυα
495 2571 766 2642 δάκρυσιν
793 2576 974 2642 [ἔλαβε
999 2571 1200 2641 πάθεα,
1644 2585 1727 2628 365

251 2655 479 2725 ματέρες
501 2678 560 2711 τε
583 2661 783 2720 παῖδας
809 2654 1059 2725 &mamb

251 2736 359 2793 ἀπὸ
388 2739 449 2794 δὲ
477 2742 748 2811 παρθένοι
772 2741 940 2812 κόμας

251 2828 448 2878 ἔθεντο
475 2824 741 2896 σύγγονοι
763 2831 983 2897 νεκρῶν
1006 2825 1402 2896 Σκαμάνδριον

253 2903 394 2977 ἀμφὶ
420 2909 674 2980 Φρύγιον
700 2909 879 2980 οἶδμα.

1282 2991 1376 3039 13*
