2022 3126
91 733 202 796 ΚΑ.

788 83 1053 130 ΒΛΚΧΑΙ
1677 83 1743 136 97

278 223 372 277 καὶ
394 226 566 294 κρᾶτα
589 230 766 275 σεῖσαι
789 217 1011 287 πολιόν;
1044 224 1240 294 ἐξηγοῦ
1265 223 1335 279 σύ
1358 247 1452 295 μοι
1667 240 1746 284 185

276 308 458 378 γέρων
485 306 729 377 γέροντι,
768 311 1047 375 Τειρεσία·
1080 305 1150 362 σὺ
1174 305 1279 379 γὰρ
1305 308 1491 381 σοφός.

278 387 350 455 ὡς
375 387 443 446 οὗ
469 384 684 460 κάμοιμ’
712 383 782 443 ἂν
808 385 936 444 οὕτε
955 387 1105 445 νύκτ’
1134 388 1257 446 οὔθ’
1284 389 1494 466 ἡμέραν

277 476 474 548 θύρσῳ
497 478 713 545 κροτῶν
736 478 868 544 γῆν·
903 474 1282 546 ἐπιλελήσμεθ’
1308 474 1488 551 ἡδονῇ

273 561 528 632 γέροντες
553 553 722 622 ὅντες.
779 564 916 613 ΤΕΙ.
942 556 1088 615 ταῦτ’
1121 562 1241 631 ἐμοὶ
1266 561 1490 634 πάσχεις
1517 561 1649 635 ἄρα·

271 640 422 715 κᾶγω
451 639 556 713 γὰρ
582 638 701 713 ἡβῶ
727 640 1098 716 κάπιχειρήσω
1122 659 1323 717 χοροῖς.
1667 662 1748 705 190

273 726 484 784 οὐκοῦν
507 724 721 797 ὄχοισιν
747 732 823 792 εἰς
849 726 978 800 ὅρος
999 730 1340 802 περάσομενς

93 819 228 867 ΤΕΙ.
265 810 377 868 ἀλλ’
408 808 510 882 οὐχ
533 808 734 882 ὁμοίως
761 808 830 868 ἂν
856 810 884 869 ὁ
909 812 1043 879 θεὸς
1067 813 1233 887 τιμὴν
1259 822 1386 887 ἔχοι.

90 903 203 952 KA.

272 899 452 969 γέρων
474 898 710 969 γέροντα
734 899 1140 971 παιδαγωγήσω
1166 896 1218 955 σ’
1249 900 1370 971 ἐγώ.

91 989 226 1036 ΤΕΙ.
274 979 303 1038 ὁ
328 980 462 1047 θεὸς
486 978 720 1053 ἀμοχθεὶ
748 995 898 1038 κεῖσε
919 989 1038 1059 νῷν
1060 982 1339 1056 ἡγήσεται.

88 1073 201 1121 ΚΑ.

89 1159 225 1207 ΤΕΙ.

80 2346 196 2394 KA.

79 2770 194 2818 HE.

270 1067 432 1138 μόνοι
460 1065 522 1121 δὲ
546 1066 758 1152 πόληεως
783 1074 1005 1143 Βακχίῳ
1031 1070 1403 1141 χορεύσομεν;
1665 1086 1745 1130 195

276 1152 439 1223 μόνοι
462 1149 569 1223 γὰρ
597 1153 661 1206 εὐ
689 1159 1041 1225 φρονοῦμεν,
1071 1159 1128 1210 οἶ
1147 1152 1199 1210 δ’
1229 1152 1387 1211 ἄλλοι
1411 1162 1608 1223 κακῶς.

265 1236 480 1309 μακρὸν
504 1234 565 1292 τὸ
590 1238 839 1308 μέλλειν·
866 1236 978 1293 ἀλλ’
1006 1241 1136 1310 ἐμῆς
1161 1246 1288 1311 ἔχου
1315 1240 1489 1312 χερός.

213 1367 224 1376 .
273 1322 424 1393 ἰδού,
450 1320 692 1388 ξύναπτε
715 1324 808 1377 καὶ
832 1325 1139 1396 ξυνωρίζου
1163 1327 1312 1396 χέρα.

188 1452 198 1462 .
267 1405 335 1462 οὐ
367 1413 701 1478 καταφρονῶ
730 1404 830 1477 ’γώ
856 1414 969 1463 τῶν
993 1415 1150 1464 θεῶν
1173 1407 1380 1480 θνητὸς
1404 1411 1594 1481 γεγώς.

214 1537 224 1547 .
275 1489 445 1547 οὐδὲν
470 1492 848 1563 σοφιζόμεσθα
870 1505 1011 1548 τοῖσι
1037 1499 1277 1566 δαίμοσι.
1660 1511 1744 1553 200

268 1584 533 1649 πατρίους
557 1575 873 1649 παραδοχὰς
899 1575 961 1642 ἅς
984 1575 1037 1633 θ’
1064 1576 1327 1651 ὁμήλικας
1349 1580 1529 1656 χρόνῳ

268 1657 579 1734 κεκτήμεθ’,
605 1659 791 1728 οὐδεὶς
816 1660 957 1718 αὐτὰ
981 1671 1283 1735 καταβαλεῖ
1301 1662 1479 1736 λόγος,

269 1743 396 1802 οὐδ’
428 1753 479 1802 εἰ
501 1742 568 1801 δι’
603 1743 793 1818 ἄκρων
816 1746 877 1802 τὸ
904 1746 1084 1818 σοφὸν
1103 1746 1338 1821 ηὕρηται
1364 1756 1608 1823 φρενῶν.

267 1835 386 1902 ἐρεῖ
403 1854 485 1898 τις
510 1828 582 1895 ὥς
606 1829 666 1886 τὸ
692 1837 864 1903 γῆρας
890 1829 994 1887 οὐκ
1020 1835 1368 1906 αἰσχύνομαι,

269 1919 485 1987 μέλλων
507 1915 764 1987 χορεύειν
790 1921 965 1989 κρᾶτα
991 1919 1264 1984 κισσώσας
1287 1919 1436 1990 ἐμόν.
1660 1935 1743 1977 205

265 1998 332 2057 ού
356 2001 462 2073 γὰρ
488 1998 698 2073 διῄρηχ’
726 1997 756 2057 ὁ
780 2000 914 2066 θεὸς
939 2011 1047 2058 εἴτε
1071 2002 1169 2060 τὸν
1193 2007 1323 2060 νέον

264 2092 313 2140 εἰ
340 2085 441 2156 χρὴ
469 2086 727 2159 χορεύειν
752 2095 861 2143 εἴτε
885 2086 984 2143 τὸν
1006 2095 1346 2162 γεραίτερον,

266 2168 378 2226 ἀλλ’
414 2175 465 2239 ἐξ
491 2167 752 2227 ἁπάντων
775 2173 1037 2243 βούλεται
1065 2173 1225 2246 τιμὰς
1249 2180 1394 2245 ἔχειν

266 2257 483 2327 κοινάς,
513 2253 580 2312 δι’
609 2254 868 2330 ἀριθμῶν
892 2262 926 2313 δ
937 2255 949 2277 ’
975 2256 1146 2316 οὐδὲν
1171 2256 1442 2326 αὔξεσθαι
1465 2261 1636 2316 θέλει.

268 2343 387 2396 ἐπεὶ
411 2341 482 2397 σύ
509 2344 743 2413 φέγγος,
779 2349 1064 2415 Τειρεσία,
1092 2341 1212 2400 τόδ’
1242 2341 1344 2415 οὐχ
1370 2341 1521 2419 ὁρᾷς,
1662 2347 1744 2401 210

267 2425 373 2497 ἐγω
399 2427 683 2499 προφήτης
707 2445 794 2483 σοι
816 2429 999 2500 λόγων
1023 2429 1341 2501 γενήσομαι.

266 2510 527 2577 Πενθεὺς
551 2509 689 2584 πρὸς
715 2521 903 2579 οἴκους
927 2510 1024 2570 ὅδε
1048 2513 1141 2569 διὰ
1166 2518 1414 2586 σπουδῆς
1438 2520 1581 2589 περᾷ

258 2591 497 2666 Ἐχίονος
520 2608 674 2667 παῖς,
705 2589 751 2671 ᾦ
773 2598 972 2671 κράτος
999 2604 1202 2670 δίδωμι
1225 2605 1341 2671 γῆς,

269 2677 342 2745 ὥς
366 2681 622 2753 ἐπτόηται
639 2700 651 2710 ·
677 2688 737 2738 τί
755 2680 869 2738 ποτ’
899 2687 1018 2756 ἐρεῖ
1034 2684 1338 2755 νεωτερονς

268 2769 502 2836 ἔκδημος
535 2761 614 2822 ὦν
638 2767 741 2837 μὲν
767 2766 923 2839 τῆσδ’
952 2768 1255 2840 ἐτύγχανον
1284 2768 1506 2839 χθονός,
1659 2782 1741 2823 215

267 2849 420 2905 κλύω
445 2850 507 2906 δὲ
527 2850 733 2928 νεοχμὰ
755 2851 911 2923 τήνδ’
940 2851 1047 2908 ἀνὰ
1071 2853 1267 2909 πτόλιν
1290 2852 1448 2922 κακά,

215 2948 366 2980 EVRIP.
405 2948 509 2980 vot.
544 2935 578 2979 I.
1434 2930 1466 2975 7
