2022 3126
217 85 322 136 320

222 439 330 488 ET.

237 1764 341 1813 AA.

232 2323 342 2374 XO.

826 82 1148 130 ΗΡΑΚΛΕΙ
1148 84 1242 128 ΔΑ
1247 83 1279 128 Ι

391 215 546 274 τόνδ’
575 214 689 272 εἷτα
709 214 914 301 νεκρὸν
933 225 1047 278 τοῖς
1067 217 1436 300 μετελθοῦσιν
1457 218 1550 283 φίλ
1557 233 1636 270 ων

392 283 667 344 δώσω·τό
697 285 802 370 γὰρ
828 281 967 370 σωμ’
993 283 1098 337 οὐκ
1123 281 1404 367 ἀπιστήσω
1426 290 1608 353 χθονί,

393 379 556 421 ουτος
576 357 636 410 δὲ
657 354 824 409 δώσει
844 353 949 423 τὴν
969 357 1130 423 δίκην
1148 351 1346 408 θανών
1368 353 1502 421 ἐμοί.
1778 368 1886 413 1025

398 423 589 495 κτεῖν’,
614 422 681 479 οὐ
704 428 1079 493 παραιτοῦμαί
1098 439 1185 476 σε·
1216 421 1382 491 τήνδε
1403 422 1462 476 δὲ
1482 422 1698 493 πτόλιν,

395 500 513 552 ἐπεί
530 496 588 566 μ’
619 493 799 565 ἀφῆκε
819 494 910 548 καὶ
929 494 1250 578 κατῃδέσθη
1263 502 1503 561 κτανεῖν,

392 571 615 655 χρησμῷ
643 569 857 637 παλαιῷ
875 566 1076 627 Λοξίου
1098 563 1436 648 δωρήσομαι,

394 638 454 701 ὀς
479 623 753 722 ωξρελήσει
774 619 980 717 μείζον’
1006 629 1039 703 ἢ
1061 636 1249 686 δοκεῖν
1268 630 1466 704 χρόνω.

395 706 645 763 θανόντα
665 705 771 774 γάρ
793 724 857 773 με
877 699 1100 766 θάψαθ’
1130 723 1198 755 ου
1218 702 1279 756 τὸ
1302 702 1596 771 μόρσιμον,
1778 715 1889 758 1030

401 782 521 841 δίας
542 776 797 858 πάροιθε
807 773 1098 843 παρθένου
1117 775 1482 857 Παλληνίδος.

394 846 484 902 καὶ
505 846 591 900 σοὶ
611 867 713 931 μεν
733 841 933 907 εὔνους
952 845 1041 897 καὶ
1062 842 1221 896 πόλει
1237 841 1508 927 σωτήριος

395 922 645 988 μέτοικος
669 911 754 968 ἀεὶ
772 918 1021 980 κείσομαι
1042 910 1179 966 κατὰ
1201 912 1427 995 χθονός,

397 998 509 1051 τοῖς
533 988 710 1040 τωνδε
729 982 782 1038 δ’
812 984 1089 1068 ἐκγόνοισι
1112 979 1536 1050 πολεμιώτατος,

399 1056 533 1112 ὅταν
558 1054 767 1140 μόλωσι
788 1057 967 1136 δεῦρο
979 1051 1086 1107 σὺν
1112 1056 1288 1139 πολλῇ
1307 1053 1423 1121 χερὶ
1777 1064 1888 1108 1035

395 1126 556 1210 χάριν
583 1123 884 1194 προδόντες
903 1122 1094 1197 τήνδε·
1125 1123 1395 1176 τοιούτων
1415 1124 1587 1186 ξένων

395 1195 722 1282 προύστητε.
745 1198 859 1256 πώς
880 1197 985 1247 οὐν
1004 1189 1159 1247 ταῦτ’
1190 1192 1294 1277 ἐγώ
1319 1192 1668 1277 πεπυσμένος

399 1261 554 1333 δεῦρ’
586 1267 793 1334 ήλθον,
815 1260 936 1317 ἀλλ’
966 1259 1033 1316 οὐ
1061 1261 1310 1332 χρησμὸν
1328 1257 1584 1345 ᾐδούμην
1605 1265 1776 1327 θεοὺς

386 1336 579 1423 Ἥραν
581 1337 824 1419 νομίζων
843 1332 1145 1420 θεσφάτων
1163 1336 1399 1417 κρείσσω
1421 1328 1564 1384 πολυ

397 1403 536 1461 κούκ
558 1402 626 1457 ἂν
648 1406 961 1493 προδοῦναί
979 1400 1058 1472 μ’.
1083 1399 1222 1456 ἀλλὰ
1243 1402 1376 1470 μήτε
1395 1421 1487 1486 μοι
1506 1420 1634 1469 χοας
1778 1415 1887 1455 1040

399 1473 535 1559 μήθ’
562 1468 657 1558 αἶμ
663 1470 874 1559 ’ἐάσητ’
897 1477 971 1537 εἰς
993 1470 1127 1542 ἐμὸν
1147 1472 1337 1536 στάξαι
1357 1470 1555 1558 τάφον.

397 1544 572 1601 κακὸν
595 1541 700 1613 γὰρ
723 1540 910 1607 αὐτοῖς
933 1544 1138 1597 νόστον
1159 1540 1281 1596 ἀντὶ
1302 1537 1470 1594 τωνδ’
1497 1537 1600 1608 ἐγω

394 1616 579 1670 δώσω·
601 1617 839 1668 διπλοῦν
861 1614 920 1667 δὲ
943 1615 1137 1682 κέρδος
1156 1609 1291 1677 ἕξετ’
1317 1613 1416 1676 ε’ξ’
1391 1615 1546 1695 εμοῦ,

398 1685 541 1775 ὑμᾶς
560 1682 607 1738 τ’
635 1681 840 1768 ὀνήσω
852 1684 1052 1738 τούσδε
1077 1703 1134 1736 τε
1155 1683 1348 1753 βλάψω
1370 1680 1583 1736 θανών.

401 1779 449 1810 τι
443 1759 608 1824 ’δῆτα
628 1750 863 1824 μέλλετ’,
887 1758 935 1808 εἰ
955 1752 1114 1807 πόλει
1135 1756 1412 1838 σωτηρίαν
1778 1763 1885 1805 1045

399 1826 844 1910 κατεργάσασθαι
864 1828 1010 1878 τοῖσί
1031 1819 1082 1876 τ’
1112 1824 1165 1887 ἐξ
1186 1820 1353 1908 ὑμῶν
1372 1821 1568 1906 χρεών,

398 1900 634 1950 κτείνειν
653 1892 752 1947 τὸν
774 1891 951 1962 άνδρα
970 1889 1124 1947 τόνδ’
1133 1890 1469 1976 ,ἀκούοντες
1487 1890 1647 1944 τάδε·
1633 1913 1648 1955 ;

398 1969 647 2020 δείκνυσι
660 1961 769 2053 γὰρ
791 1965 1064 2017 κέλευθον
1092 1935 1530 2030 ἀσφαλεστάτην.

398 2033 596 2104 ἐχθρὸς
616 2055 721 2123 μεν
738 2032 906 2117 ἁνήρ,
929 2031 1153 2119 &mestit-
1151 2033 1210 2085 δε
1230 2032 1542 2085 κατθανών.

399 2103 629 2174 κομίζετ’
655 2102 827 2187 αὐτόν
840 2106 1080 2188 ,δμωες,
1105 2107 1217 2155 εἰτα
1236 2100 1338 2170 χρὴ
1358 2102 1486 2154 κυσὶ
1775 2114 1886 2155 1050

399 2179 598 2230 δοῦναι
619 2173 943 2237 κτανόντας·
967 2170 1040 2242 μὴ
1061 2170 1165 2239 γὰρ
1188 2172 1410 2242 ἐλπίσῃς
1430 2167 1579 2232 ὅπως

402 2239 569 2307 αὖθις
595 2243 848 2316 πατρώας
868 2246 1025 2307 ζων”
996 2264 1060 2311 εμ
1069 2240 1351 2328 ’ἐκβαλεῖς
1370 2238 1593 2309 χθονός.

403 2314 574 2369 ταύτὰ
596 2318 750 2369 δοκεῖ
765 2333 872 2382 μοι.
899 2308 1144 2381 στείχετ’,
1169 2308 1383 2366 ὀπαδοί.

399 2386 463 2439 τα
488 2405 593 2453 γαρ
614 2387 667 2450 ἐξ
689 2404 846 2472 ημων

400 2459 660 2522 καθαρως
681 2458 827 2507 ἔσται
848 2453 1184 2522 βασιλεῦσιν.
1775 2461 1886 2504 1055

904 2660 1190 2670 ----
