2022 3126
218 95 284 146 98

879 95 1152 142 BAKXAI

410 251 678 310 γυναῖκας
702 235 834 308 ’ἡμῖν
860 234 1058 308 δώματ’
1089 240 1465 294 ἐκλελοιπέναι

408 331 700 381 πλασταῖσι
723 328 1068 393 βακχείαισιν
1085 365 1100 392 ,
1126 326 1187 378 ἐν
1211 323 1273 378 δὲ
1298 327 1547 390 δασκίοις

409 405 563 479 ὄρεσι
586 407 830 477 θοάζειν,
855 405 953 462 τὸν
976 409 1176 463 νεωστὶ
1202 412 1440 479 δαίμονα

408 493 693 550 Διόνυσον
717 489 866 556 ὅστις
889 495 1004 547 ε”στι
1026 492 1265 562 τιμώσας
1288 506 1496 565 χοροῖς*
1803 508 1884 550 220

407 579 634 651 πλήρεις
660 577 722 633 δὲ
752 577 971 642 θιάσοις
997 581 1057 633 ἐν
1080 579 1331 648 μέσοισιν
1359 577 1581 635 ἑστάναι

407 671 711 735 κρατῆρας,
739 660 913 733 ἄλλην
939 659 992 717 δ’
1022 659 1212 718 Sino&
1247 668 1324 728 εἰς
1348 666 1582 735 ἐρημίαν

407 749 774 805 πτώσσουσαν
800 744 988 812 εὐναῖς
1013 745 1266 816 ἀρσένων
1289 745 1605 820 ὑπηρετεῖν,

408 835 692 906 πρόφασιν
715 833 817 904 μὲν
845 829 917 898 ὡς
943 832 1010 904 δὴ
1036 833 1336 898 Μαινάδας
1359 834 1692 904 θυοσκόους,

410 943 512 991 την
539 916 588 975 δ’
615 917 950 990 Ἀφροδίτην
976 915 1173 990 πρόσθ’
1203 916 1360 989 ἄγειν
1384 925 1484 974 τοῦ
1509 924 1770 989 Βακχίου.
1803 933 1884 976 225·

411 1001 542 1069 ὅσας
568 1004 670 1076 μὲν
695 995 800 1058 οὖν
827 1011 1056 1075 εἴληφα,
1087 1008 1348 1074 δεσμίους
1371 1007 1534 1075 χέρας

408 1090 641 1158 σώζουσι
664 1090 1002 1161 πανδήμοισι
1027 1089 1331 1161 πρόσπολοι
1354 1092 1595 1162 στέγαις·

410 1172 535 1231 ὅσαι
562 1180 595 1230 δ
602 1173 614 1192 '
643 1171 882 1245 ἄπεισιν,
911 1177 964 1241 ἐξ
990 1171 1158 1245 ὅρους
1180 1174 1515 1246 θηράσομαι,

403 1257 521 1315 Ἰνω’
543 1258 582 1315 τ’
605 1257 846 1331 Ἀγαύην
870 1257 922 1315 θ’
951 1257 987 1331 ἦ
1009 1257 1057 1330 μ’
1089 1257 1242 1315 ἔτικτ’
1268 1257 1483 1331 Ἐχίονι,

402 1341 720 1409 Ἀκταίονός
743 1367 801 1400 τε
826 1342 1007 1416 μητέρ’
1023 1388 1036 1414 ,
1061 1342 1362 1417 Αὐτονόην
1386 1348 1546 1417 λέγω.
1806 1360 1889 1403 230

410 1432 504 1485 καὶ
527 1436 672 1501 σφᾶς
697 1434 950 1501 σιδηραῖς
974 1426 1216 1500 ἁρμόσας
1242 1434 1303 1486 ἐν
1326 1427 1530 1498 ἄρκυσι

410 1515 604 1571 παύσω
631 1515 950 1587 κακούργου
978 1519 1144 1586 τῆσδε
1169 1522 1429 1587 βακχείας
1455 1516 1605 1587 τάχα.

409 1602 633 1672 λέγουσι
661 1597 713 1656 δ’
745 1597 818 1665 ὤς
843 1625 923 1666 τις
951 1598 1280 1672 εἰσελήλυθε
1306 1603 1459 1668 ξένος

410 1686 542 1758 γόης
567 1686 781 1760 ἐπῳδὸς
804 1691 1019 1751 Λυδίας
1045 1682 1151 1742 ἀπὸ
1176 1686 1399 1757 χθονός,

411 1773 666 1838 ξανθοῖσι
690 1771 1081 1843 βοστρύχοισιν
1108 1768 1363 1843 εὖόσμοις
1387 1778 1593 1843 κομῶν,
1807 1784 1890 1828 235

410 1857 666 1925 οἰνωπός,
693 1854 877 1922 ὄσσοις
905 1857 1126 1927 χάριτας
1144 1854 1472 1928 Ἀφροδίτης
1497 1863 1655 1928 ἔχων,

407 1935 468 2006 ὅς
492 1938 697 2012 ἡμέρας
724 1964 783 1996 τε
806 1939 1124 2012 κεύφρόνας
1149 1949 1509 2013 συγγίγνεται

411 2025 631 2091 τελετὰς
656 2033 967 2097 προτείνων
993 2024 1183 2091 εὐίους
1210 2027 1480 2083 νεάνισιν.

414 2117 466 2166 εί
486 2116 520 2167 δ
527 2110 539 2129 ⁷
569 2108 743 2167 αὐτὸν
768 2120 897 2167 εἵσω
924 2117 1089 2183 τῆσδε
1114 2112 1359 2183 λήψομαι
1382 2115 1592 2183 στέγης,

412 2196 606 2251 παύσω
635 2202 956 2253 κτυποῦντα
979 2198 1198 2266 θύρσον
1224 2194 1555 2253 ἀνασείοντά
1578 2218 1637 2252 τε
1807 2210 1891 2251 240

411 2281 608 2352 κόμας,
635 2281 909 2353 τράχηλον
931 2282 1180 2352 σώματος
1202 2285 1369 2352 χωρὶς
1395 2282 1593 2354 τεμών.

414 2369 623 2431 ἐκεῖνος
650 2366 798 2423 εἷναί
819 2386 955 2439 φησι
981 2367 1269 2423 Διόνυσον
1291 2368 1448 2437 θεόν,

411 2454 618 2517 ἐκεῖνος
643 2455 703 2507 ἐν
727 2458 884 2526 μηρῷ
907 2449 1019 2509 ποτ’
1049 2452 1328 2524 ἐρράφθαι
1356 2452 1512 2522 Διός,

412 2531 472 2602 ὃς
497 2540 835 2607 ἐκπυροῦται
860 2537 1137 2608 λαμπάσιν
1164 2544 1486 2609 κεραυνίαις

415 2620 522 2676 σὺν
547 2629 738 2693 μητρί,
765 2629 942 2687 Δίους
967 2619 1051 2678 ὅτι
1076 2623 1285 2693 γάμους
1310 2625 1600 2689 ἐψεύσατο.
1803 2635 1886 2678 245

414 2703 560 2760 ταῦτ’
589 2704 713 2777 οὐχὶ
739 2711 924 2779 δεινῆς
952 2705 1187 2778 ἀγχόνης
1218 2709 1435 2780 ἐπάξια,

415 2787 606 2862 ὕβρεις
633 2789 897 2863 ὑβρίζειν,
925 2789 1072 2857 ὅστις
1097 2795 1247 2848 ἔστιν
1271 2791 1297 2848 ὁ
1324 2796 1505 2860 ξένοςς

413 2873 547 2948 ἀτὰρ
573 2877 670 2932 τόδ
678 2873 690 2894 '
717 2873 849 2932 ἄλλο
878 2884 1096 2948 θαῦμα,
1125 2876 1220 2933 τὸν
1244 2878 1588 2949 τερασκόπον
