2022 3126
211 84 314 134 452
829 88 1252 134 ΙΠΠΟΛΥΤΟΣ

212 234 327 283 ΘΗ
398 226 536 299 πρὸς
566 233 695 294 τοῦ;
724 226 804 283 δι’
834 234 1036 298 ἔχθρας
1058 232 1179 297 μῶν
1203 251 1284 292 τις
1308 219 1378 298 ἦν
1402 224 1723 300 ἀφιγμένος,

399 309 529 367 ὅτου
557 310 858 384 κατῄσχυν’
888 309 1087 382 άλοχον
1112 334 1185 375 ως
1209 311 1413 383 πατρὸς
1436 317 1562 385 βίας
1762 326 1867 370 1165

210 403 366 451 ΑΓΓ.
393 401 591 461 οἰκεῖος
615 394 786 452 αυτὸν
815 393 975 452 ὤλεσ’
1005 393 1263 466 ἁρμάτων
1287 393 1411 466 όχος

400 479 536 553 ἀραί
555 504 612 536 τε
635 487 734 536 τοῦ
759 487 862 536 σοῦ
886 480 1178 552 στόματος,
1207 476 1270 545 ἃς
1297 479 1368 535 σὺ
1396 486 1474 554 σῷ
1500 482 1665 551 πατρὶ

397 565 603 621 πόντου
630 567 847 635 κρέοντι
871 564 1068 630 παιδὸς
1090 562 1276 636 ἠράσω
1302 566 1444 635 πέρι.

211 656 328 705 ΘΗ.
400 642 444 703 ὦ
467 652 593 705 θεοὶ
616 650 894 706 Πόσειδόν
922 647 1006 720 θ’,
1035 647 1106 715 ὡς
1131 647 1222 720 ἄρ’
1251 640 1385 720 ἦσθ’
1415 648 1542 719 ἐμὸς
1563 649 1740 722 πατὴρ

398 731 614 805 ὀρθῶς,
641 732 881 799 ἀκούσας
910 741 1021 790 τών
1046 737 1193 805 ἐμῶν
1216 734 1625 804 κατευγμάτων.
1761 749 1868 793 1170

396 825 509 884 πῶς
534 821 627 874 καὶ
652 817 866 876 διώλετ’
887 845 902 886 ;
934 821 1075 875 εἰπέ·
1102 824 1177 894 τῷ
1201 819 1384 892 τρόπω
1409 824 1585 890 Δίκης

399 909 624 959 ἔπαισεν
648 902 819 960 αὐτὸν
844 903 1083 974 ῥόπτρου
1108 900 1426 973 αίσχύναντ’
1455 906 1552 974 ἐμέ
1563 929 1577 970 ;

212 993 312 1043 ΑΓ
310 993 359 1044 Γ
359 1034 367 1043 .
395 985 550 1059 ἡμεῖς
573 988 674 1060 μὲν
706 986 871 1060 ἀκτῆς
896 990 1310 1060 κυμοδέγμονος
1335 989 1500 1052 πέλας

398 1073 730 1145 ψήκτραισιν
756 1079 940 1129 ἵππων
966 1077 1307 1144 ἐκτενίζομεν
1331 1078 1515 1143 τρίχας

397 1164 707 1222 κλαίοντες’
734 1151 877 1229 ἦλθε
901 1158 1004 1229 γάρ
1030 1181 1110 1222 τις
1138 1155 1367 1228 ἅγγελος
1392 1159 1571 1228 λέγων
1758 1171 1868 1217 1175

399 1240 470 1306 ὠς
497 1239 679 1297 οὐκέτ’
709 1245 768 1297 ἐν
793 1248 863 1315 γῇ
890 1239 1008 1314 τῇδ’
1039 1239 1375 1312 άναστρέψοι
1397 1242 1541 1298 πόδα

389 1323 734 1397 Ἱππόλυτος,
766 1329 825 1382 ἐκ
850 1333 953 1382 σοῦ
977 1327 1248 1398 τλήμονας
1273 1324 1454 1396 φυγὰς
1480 1332 1635 1396 ἔχων.

395 1407 425 1465 ὂ
459 1408 510 1466 δ’
539 1405 682 1482 ἦλθε
721 1410 928 1466 ταύτὸν
959 1409 1216 1481 δακρύων
1248 1414 1388 1480 ἔχων
1417 1409 1580 1480 μέλος

413 1492 706 1520 ‘‘‘‘‘
1157 1492 1171 1512 5
1216 1492 1229 1512 9
1397 1494 1409 1510 Ι

402 1586 585 1650 φίλων
610 1577 709 1651 ἅμ’
739 1578 934 1651 ἔστειχ’
962 1577 1173 1651 ἡλίκων
1198 1577 1480 1651 ὁμήγυρις.
1758 1592 1865 1639 1180

396 1665 578 1739 χρόνῳ
605 1665 666 1720 δὲ
693 1663 888 1735 δήποτ’
919 1662 1028 1720 εἶπ’
1057 1663 1429 1735 ἀπαλλαχθεὶς
1454 1663 1603 1735 γόων
1624 1684 1636 1696 ·

396 1756 452 1804 τί
470 1746 625 1804 ταῦτ’
655 1747 837 1816 &Man
863 1752 1113 1806 πειστέον
1137 1747 1340 1819 πατρὸς
1362 1746 1562 1819 λόγοις.

399 1832 665 1889 ἐντύναθ’
696 1838 897 1899 ἵππους
922 1832 1126 1905 ἅρμασι
1149 1833 1514 1905 ζυγηφόρους,

396 1922 598 1989 δμῶες·
623 1919 779 1983 πόλις
801 1918 907 1990 γὰρ
939 1916 1122 1976 οὐκέτ’
1153 1925 1300 1974 ἔστιν
1324 1915 1424 1990 ἥδε
1448 1942 1556 1989 μοι.

395 1999 673 2058 τοῦνθένδ
679 2025 703 2057 ε
725 2005 912 2073 μέντοι
935 2010 1040 2068 πᾶς
1057 2001 1196 2074 ἀνὴρ
1222 2000 1494 2074 ἠπείγετο,
1751 2014 1859 2059 1185

394 2088 487 2142 καὶ
509 2093 724 2142 θᾶσσον
749 2083 784 2158 ἢ
811 2090 960 2158 λέγοι
984 2111 1064 2152 τις
1089 2089 1451 2159 ἐξηρτυμένας

396 2172 613 2236 πώλους
637 2169 768 2242 παρ’
803 2169 975 2228 αὐτὸν
999 2172 1270 2243 δεσπότην
1295 2172 1608 2243 ἐστήσαμεν.

396 2261 626 2326 μάρπτει
653 2256 714 2313 δὲ
736 2259 925 2327 χερσὶν
949 2254 1107 2328 ἡνίας
1133 2254 1227 2312 ἀπ’
1257 2254 1510 2327 ἄντυγος,

395 2338 649 2396 αὐταῖσιν
674 2338 1005 2412 ἆρβύλαισιν
1029 2339 1270 2412 ἁρμόσας
1295 2340 1481 2406 πόδας.

394 2427 486 2481 καὶ
516 2431 705 2496 πρώτα
729 2425 830 2496 μὲν
852 2435 1006 2492 θεοῖς
1033 2424 1141 2481 εἶπ’
1171 2424 1481 2492 ἀναπτύξας
1505 2427 1690 2496 χέρας*
1752 2438 1860 2483 1190

394 2516 531 2580 Ζεῦ,
557 2507 745 2581 μηκέτ’
776 2518 911 2581 εἴην,
942 2517 993 2566 εἰ
1017 2510 1184 2575 κακὸς
1207 2508 1414 2581 πέφυκ’
1444 2508 1611 2581 ἀνήρ·

394 2603 647 2650 αἴσθοιτο
679 2592 730 2650 δ’
759 2592 898 2666 ἡμᾶς
925 2593 996 2660 ὡς
1022 2593 1265 2666 ἀτιμάζει
1290 2594 1466 2666 πατὴρ

393 2676 512 2749 ἤτοι
536 2680 813 2744 θανόντας
836 2675 871 2750 ἦ
897 2681 1034 2751 φάος
1060 2679 1404 2751 δεδορκότας.

394 2761 499 2818 κᾶν
521 2761 654 2838 τῷδ’
685 2767 851 2835 ἐπῆγε
875 2767 1108 2835 κέντρον
1142 2769 1217 2829 εἰς
1240 2776 1422 2835 χεῖρας
1446 2765 1633 2834 λαβὼν

396 2846 598 2914 πώλοις
625 2845 860 2920 ὁμαρτῇ·
887 2849 1190 2920 πρόσπολοι
1226 2843 1275 2904 δ’
1307 2846 1396 2918 ἐφ’
1426 2844 1664 2919 ἅρματος
1751 2860 1857 2904 1195
