2022 3126
254 104 352 158 178

260 2375 367 2424 XO..

934 109 1179 155 EKABH

446 253 691 312 ἔκτεινας
716 243 752 318 ἦ
776 245 933 315 ζῶντ’
967 240 1139 318 ἦλθες
1164 244 1431 320 Ἀργείοις
1454 245 1637 319 &ynam

448 330 566 390 ἄλλ’
595 329 743 403 ἡνίχ’
772 329 926 403 ἡμεῖς
951 328 1137 387 οὐκέτ’
1159 334 1322 403 ἐσμὲν
1345 339 1404 391 ἐν
1431 333 1580 400 φάει,

444 423 638 491 καπνῷ
663 421 696 471 δ
702 414 715 434 ’
743 414 969 489 ἐσήμην’
998 414 1137 471 ἄστυ
1161 421 1441 487 πολεμίων
1463 413 1593 487 ὕπο,
1808 433 1919 477 1215

443 504 603 569 ξένον
626 503 887 567 κατέκτας
911 500 1016 572 σὴν
1039 496 1262 572 μολόντ’
1290 498 1378 573 ἐφ’
1412 502 1614 556 ἑστίαν.

443 585 580 658 πρὸς
607 590 789 642 τοῖσδε
812 594 921 642 νῦν
945 583 1187 641 ἄκουσον
1214 583 1287 650 ὡς
1310 593 1491 659 φανῇς
1523 587 1708 651 κακός.

441 677 581 743 χρῆν
604 668 680 741 σ’,
709 680 862 741 εἴπερ
889 664 1040 742 ἦσθα
1067 682 1178 734 τοῖς
1198 668 1495 741 Ἀχαιοῖσιν
1520 677 1701 743 φίλος,

442 754 539 811 τὸν
561 757 771 828 χρυσὸν
793 753 859 811 ὃν
884 754 992 826 φὴς
1017 752 1084 811 οὐ
1109 753 1213 810 σὸν
1236 752 1375 811 ἀλλὰ
1397 753 1556 810 τοῦδ’
1588 761 1749 830 ἔχειν,

444 846 642 897 δοῦναι
667 843 910 913 φέροντα
934 841 1254 911 πενομένοις
1278 863 1335 895 τε
1360 842 1452 895 καὶ
1477 840 1682 913 χρόνον
1812 857 1920 899 1220

445 925 624 982 πολὺν
648 926 902 1000 πατρῴας
929 931 1027 997 γῆς
1055 922 1516 996 ἄπεξενωμένοις·

446 1009 516 1066 σὺ
543 1009 597 1066 δ’
628 1008 763 1066 οὐδὲ
784 1017 893 1066 νῦν
918 1033 1002 1065 πω
1027 1015 1125 1081 σῆς
1149 1007 1455 1077 ἀπαλλάξαι
1478 1008 1638 1082 χερὸς

443 1101 668 1169 τολμᾷς,
696 1102 836 1166 ἔχων
861 1095 922 1150 δὲ
945 1108 1228 1167 καρτερεῐς
1253 1093 1327 1151 ἔτ’
1357 1098 1418 1150 ἐν
1441 1095 1645 1167 δόμοις.

443 1182 535 1235 καὶ
559 1179 669 1251 μὴν
691 1183 914 1251 τρέφων
937 1180 1038 1251 μὲν
1064 1177 1137 1245 ὥς
1160 1197 1223 1236 σε
1244 1176 1400 1236 παῖδ’
1427 1184 1593 1251 ἐχρῆν
1609 1182 1835 1253 τρέφειν

442 1265 622 1330 σώσας
647 1287 706 1320 τε
732 1263 831 1319 τὸν
855 1262 1014 1335 ἐμόν,
1045 1264 1181 1336 εἶχες
1206 1261 1276 1320 ἄν
1299 1263 1473 1320 καλὸν
1495 1266 1678 1330 κλέος·
1812 1280 1920 1322 1225

443 1353 504 1405 ἐν
529 1363 642 1415 τοῖς
667 1362 855 1414 κακοῖς
878 1348 983 1420 γὰρ
1009 1347 1215 1421 ἁγαθοὶ
1239 1351 1572 1422 σαφέστατοι

444 1440 626 1505 φίλοι·
659 1433 725 1490 τὰ
749 1434 955 1505 χρηστὰ
982 1432 1032 1489 δ’
1064 1431 1203 1490 αὕθ’
1233 1432 1418 1491 ἕκαστ’
1448 1440 1556 1505 ἔχει
1583 1440 1796 1504 φίλους.

447 1524 497 1575 εἰ
518 1518 569 1575 δ’
599 1520 880 1588 ἐσπάνιζες
902 1519 1222 1591 χρημάτων,
1249 1522 1282 1580 ὃ
1305 1525 1339 1576 δ
1345 1517 1358 1537 ’
1378 1517 1624 1591 ηὐτύχει,

444 1604 731 1677 θησαυρὸς
755 1602 824 1660 ἄν
846 1623 934 1661 σοι
960 1618 1085 1669 παῖς
1109 1601 1314 1676 ὑπῆρχ’
1343 1602 1512 1676 οὑμὸς
1534 1606 1728 1676 μέγας·

442 1696 550 1745 νῦν
573 1687 627 1745 δ’
656 1686 766 1746 οὔτ’
798 1693 1013 1746 ἐκεῖνον
1038 1687 1190 1761 ἄνδρ’
1221 1696 1360 1761 ἔχεις
1383 1696 1568 1764 σαυτῷ
1594 1695 1781 1760 φίλον,
1813 1704 1920 1746 1230

441 1780 652 1846 χρυσοῦ
678 1772 729 1830 τ’
759 1772 948 1846 ὄνησις
972 1784 1177 1846 οἴχεται
1203 1776 1394 1840 παῖδές
1416 1797 1475 1830 τε
1506 1780 1612 1843 σοί,

445 1857 610 1923 αὐτός
633 1883 692 1915 τε
720 1861 981 1931 πράσσεις
1006 1853 1131 1916 ὦδε.
1160 1862 1249 1916 σοὶ
1277 1858 1328 1915 δ’
1359 1858 1465 1930 ἐγώ
1492 1861 1652 1930 λέγω,

437 1941 806 2015 Ἀγάμεμνον,
835 1951 886 2000 εί
908 1943 1040 2019 τῷδ’
1073 1943 1349 2017 ἀρκέσεις,
1378 1943 1547 2008 κακὸς
1571 1955 1762 2014 φανεῖ·

445 2026 564 2084 οὔτ’
596 2026 796 2100 εὐσεβῆ
821 2028 925 2100 γὰρ
951 2027 1078 2085 οὕτε
1103 2028 1299 2084 πιστὸν
1324 2024 1405 2093 οἷς
1429 2032 1610 2100 ἐχρῆν,

446 2111 547 2184 οὐχ
571 2110 751 2184 ὅσιον,
778 2112 845 2169 οὗ
879 2119 1098 2170 δίκαιον
1121 2107 1186 2170 εὖ
1215 2113 1435 2183 δράσεις
1459 2115 1644 2180 ξένον·
1813 2127 1919 2170 1235

447 2196 622 2254 αὐτὸν
646 2199 708 2254 δὲ
731 2205 946 2270 χαίρειν
969 2211 1083 2264 τοῖς
1105 2211 1296 2263 κακοῖς
1319 2198 1379 2254 σὲ
1404 2199 1657 2270 φήσομεν

444 2289 699 2339 τοιοῦτον
723 2281 881 2339 ὄντα·
913 2285 1181 2349 δεσπότας
1207 2282 1260 2339 δ’
1290 2280 1358 2338 οὗ
1382 2288 1638 2354 λοιδορῶ.

445 2375 554 2439 φεῦ
582 2375 692 2439 φεῦ
709 2387 720 2398 ·
746 2375 1028 2441 βροτοῖσιν
1053 2367 1125 2433 ὡς
1149 2368 1214 2424 τὰ
1236 2367 1442 2440 χρηστὰ
1460 2369 1749 2440 πράγματα

444 2460 696 2525 χρηστῶν
721 2451 974 2526 ἀφορμὰς
999 2452 1254 2510 ἐνδίδωσ’
1284 2451 1371 2509 ἀεὶ
1404 2453 1602 2525 λόγων.

259 2545 366 2594 ΑΓ.
438 2536 672 2609 ἀχθεινὰ
695 2541 798 2610 μέν
823 2563 915 2610 μοι
938 2537 1231 2609 τάλλότρια
1256 2544 1473 2609 κρίνειν
1506 2537 1665 2608 κακά,
1807 2550 1918 2593 1240

445 2621 589 2694 ὅμως
616 2621 672 2678 δ’
703 2621 939 2695 ἀνάγκη·
967 2626 1061 2679 καὶ
1084 2623 1189 2695 γὰρ
1214 2622 1484 2694 αἰσχύνην
1508 2625 1685 2695 φέρει,

446 2706 652 2780 πρᾶγμ’
682 2712 735 2773 ἐς
760 2711 919 2780 χέρας
944 2708 1167 2780 λαβόντ’
1197 2706 1528 2764 ἀπώσασθαι
1556 2707 1699 2763 τόδε.

446 2795 566 2864 ἐμοὶ
591 2790 664 2862 δ’,
692 2791 767 2848 ἵν’
798 2799 978 2867 εἰδῇς,
1007 2790 1128 2849 οὔτ’
1158 2793 1294 2865 ε’μὴν
1323 2798 1505 2857 δοκεῖς
1530 2792 1693 2863 χάριν

445 2875 564 2933 οὔτ’
593 2870 698 2934 οὖν
717 2875 949 2950 Ἀχαιῶν
973 2876 1135 2950 ἄνδρ’
1165 2876 1484 2934 ἀποκτεῖναι
1507 2879 1683 2943 ξένον,
