2022 3126
223 75 253 125 3
260 74 279 124 l
290 73 324 123 2
829 78 1273 126 ΗΡΑΚΛΕΙΔΑΙ

411 223 807 290 φαεσίμβροτοι
832 216 1018 290 αὐγαί,
1794 236 1879 283 750

404 297 672 373 άγγελίαν
695 326 786 374 μοι
813 299 1102 374 ἐνέγκαιτ’.

415 387 669 458 ἰαχήσατε
695 392 727 442 δ
735 385 747 405 ⁷
779 384 1004 462 οὐρανῷ

410 473 502 527 καὶ
526 469 675 542 παρὰ
699 472 912 544 θρόνον
936 470 1168 545 άρχέταν

411 562 653 628 γλαυκᾶς
679 556 728 610 τ’
763 559 821 610 ἐν
846 557 1096 620 Ἀθάνας.

407 642 586 712 με’λλω
611 647 706 707 τᾶς
731 642 1092 713 πατριώτιδος
1114 649 1229 713 γᾶς,
1795 659 1876 703 755

406 726 585 796 μέλλω
612 728 701 781 καὶ
728 724 869 794 ὑπὲρ
897 727 1101 798 δόμων,

409 812 587 877 ἱκέτας
610 808 958 883 ὑποδεχθείς,

408 901 678 953 κίνδυνον
702 903 875 972 πολιῷ
899 910 1083 968 τεμεῖν
1108 898 1334 973 σιδάρῳ.

410 980 598 1037 δεινὸν
621 982 722 1053 μὲν
754 983 917 1038 πόλιν
944 980 1016 1048 ὡς
1040 983 1314 1055 ,Μυκήνας
1655 980 1770 1039 ἀντ.

412 1063 717 1138 εὐδαίμονα
741 1069 834 1123 καὶ
858 1067 1020 1139 δορὸς
1794 1082 1876 1126 760

407 1157 774 1208 πολυαίνετον
798 1149 939 1226 ἀλκᾷ

406 1241 575 1308 μῆνιν
599 1239 700 1311 ἐμᾷ
723 1239 890 1308 χθονὶ
916 1238 1172 1293 κεύθειν·

407 1321 582 1377 κακὸν
611 1319 663 1377 δ’
672 1344 755 1393 ,ω
783 1322 968 1392 πόλις,
997 1327 1048 1378 εί
1069 1324 1257 1389 ξένους

411 1410 632 1478 ἷκτῆρας
655 1406 1060 1479 παραδώσομεν

405 1490 1043 1565 κελεύσμασιν’Ἁργους.
1792 1507 1874 1550 765

406 1577 547 1643 Ζεύς
570 1600 663 1649 μοι
689 1578 999 1650 σύμμαχος,
1026 1575 1093 1634 οὐ
1122 1585 1421 1651 φοβοῦμαι,

406 1662 545 1729 Ζεύς
570 1686 662 1734 μοι
686 1663 847 1736 χάριν
872 1666 1104 1730 ἐνδίκως

403 1755 538 1819 ἔχει·
568 1745 770 1804 οὔποτε
794 1755 1022 1804 θνατῶν

407 1830 612 1905 ἤσσους
636 1835 764 1889 θεοὶ
789 1839 815 1867 *
841 1840 866 1867 *
891 1840 915 1867 *
941 1839 967 1869 *
991 1839 1016 1868 *
1043 1840 1370 1905 φανοῦνται.

403 1916 545 1988 ἀλλ’,
575 1919 615 1974 05
641 1918 864 1989 πότνια,
891 1918 991 1975 σὸν
1014 1918 1117 1991 γὰρ
1143 1912 1311 1985 οὖδας
1648 1938 1763 1988 στρ.
1789 1930 1871 1974 770

405 2009 503 2076 γᾶς
529 2002 628 2058 σὸν
653 2005 745 2059 καὶ
770 1962 925 2068 πόλις
942 2048 956 2073 ,
985 2005 1047 2069 ἁς
1071 2003 1141 2059 σύ
1167 2005 1341 2076 μάτηρ

404 2089 669 2144 δέσποινά
694 2111 752 2144 τε
776 2091 869 2144 καὶ
894 2089 1091 2160 φύλαξ,

405 2170 685 2242 πόρευσον
710 2171 848 2249 ἄλλᾳ
871 2172 968 2229 τὸν
993 2171 1060 2228 οὐ
1087 2178 1314 2239 δικαίως

401 2255 522 2333 τᾷδ’
554 2258 825 2330 ἐπάγοντα
850 2263 1164 2331 δορυσσοῦν

403 2341 639 2414 στρατὸν
665 2341 962 2416 Ἀργόθεν·
993 2341 1059 2399 οὐ
1086 2342 1188 2414 γὰρ
1215 2348 1317 2419 ἐμᾷ
1341 2342 1396 2416 γ’
1427 2341 1595 2418 ἀρετᾷ
1787 2355 1869 2399 775

402 2429 612 2494 δίκαιός
639 2426 747 2502 εἰμ’
778 2431 1030 2485 ἐκπεσεῖν
1051 2429 1366 2500 μελάθρων.

401 2516 597 2576 θέσπις
627 2528 712 2565 σοι
741 2516 1096 2576 πολύθυστος
1125 2512 1208 2567 ἀεὶ
1645 2508 1761 2569 ἄντ.

402 2598 528 2670 τιμὰ
554 2605 863 2671 κραίνεται,
889 2597 1023 2656 οὐδὲ
1043 2599 1205 2655 λάθει

402 2690 593 2755 μηνῶν
621 2684 829 2755 φθινὰς
855 2681 1043 2756 ἁμέρα,

400 2772 544 2824 νέων
569 2793 596 2823 τ
647 2767 831 2825 ἀοιδαὶ
853 2775 1033 2840 χορῶν
1059 2791 1115 2824 τε
1137 2773 1357 2839 μολπαί.
1787 2776 1869 2821 780

722 2866 804 2909 773
821 2890 879 2894 —
899 2867 981 2912 776
1004 2886 1073 2906 =
1098 2866 1180 2910 777
1197 2888 1255 2893 -
1274 2865 1355 2910 783
