2022 3126
675 91 758 133 DE
788 91 1097 132 EVRIPIDIS
1126 91 1271 132 VITA
1632 90 1782 132 XXIII

158 215 356 282 gata32).
416 215 737 266 Athenienses
763 214 922 263 eidem
958 214 1299 277 cenotaphium
1340 222 1657 266 extruxerunt
1682 219 1784 282 epi-

158 291 425 351 grammate
462 285 537 333 vel
563 284 861 348 Thucydidis
886 283 962 332 vel
987 284 1233 333 Timothei
1258 293 1484 334 ornatum
1496 284 1572 350 33).
1623 293 1783 337 tumu-

157 357 255 406 lum
295 354 543 417 Euripidis
580 354 773 417 fulgure
810 356 962 402 ictum
1000 353 1185 402 ferunt:
1224 369 1319 419 qua
1355 355 1404 401 in
1442 370 1497 403 re
1535 358 1637 405 sive
1673 372 1785 406 vera

159 428 258 476 sive
303 425 415 473 ficta
461 430 651 472 veteres
702 430 1006 487 agnoverunt
1051 423 1256 472 deorum
1309 437 1490 473 numen
1545 439 1786 475 summum

158 501 351 558 poetam
396 500 592 557 praeter
639 501 829 542 ceteros
885 507 1053 541 earum
1107 492 1202 542 sibi
1249 505 1356 541 esse
1410 493 1783 558 testantium3-1).

158 646 344 687 facilins
366 645 633 685 crediderim
654 646 817 686 comici
844 645 1021 697 ingenii
1050 645 1246 713 leporem
1270 646 1449 686 subesse
1479 646 1667 714 ineptiis
1698 647 1789 689 illis

161 715 277 754 quae
308 703 356 740 in
385 703 481 741 vita
502 701 609 741 Eur.
644 706 822 749 extant3
854 701 959 741 vide
983 714 1046 740 vs.
1071 703 1142 742 76:
1175 696 1229 742 αἴ
1257 698 1311 742 δὲ
1343 704 1567 770 γυναῖκες
1598 696 1788 770 ἐξουλή-

158 757 320 810 θησαν
354 749 499 797 αὐτὸν
529 759 714 798 κτεῖναι
747 752 1052 797 εἰσελθοῦσαι
1088 753 1156 804 εἰς
1187 750 1238 796 τὸ
1238 759 1507 818 σπηλαιον,
1540 753 1592 799 ἐν
1613 774 1647 814 ῳ
1679 773 1789 821 γρα-

162 826 266 877 φων
298 807 515 875 διετέλει,
549 817 593 852 et
622 825 687 852 vs.
719 810 1022 877 98:92521022151,¹
1043 807 1098 854 δὲ
1119 811 1200 852 καὶ
1224 803 1297 853 ότι
1327 816 1554 877 γυναῖκες
1577 805 1658 854 διὰ
1681 828 1790 862 τους

161 865 340 920 ψόγους
370 859 451 914 οὓς
483 862 633 908 ἐποίει
666 864 750 933 εἰς,
765 861 914 915 αὐτὰς
945 863 1028 908 διὰ
1059 866 1152 908 τῶν
1170 881 1461 938 ποιηματωνἔ
1494 872 1592 917 τοῖς
1616 870 1790 938 Θεσμο-

162 923 346 987 φοριόις
384 916 649 990 ἐπέστησαν
689 918 829 987 αὐτῷ
855 918 1159 991 βουλόμεναι
1183 920 1391 966 α’νελεῖν
1440 919 1695 977 ἐφείσαντο
1735 922 1789 968 δὲ

162 971 310 1020 αὐτοῦ
339 975 522 1044 πρῶτον
552 975 641 1032 μὲν
664 976 747 1019 διὰ
778 967 862 1026 τὰς
883 973 1101 1031 Μούσας,
1133 976 1298 1021 ἔπειτα
1319 977 1374 1022 δὲ
1408 979 1791 1047 βεβαιωσαμένου

162 1030 329 1087 μηκέτι
370 1029 516 1082 αὐτας
561 1033 716 1082 κακῶς
762 1029 898 1088 ἐρεῖν.
968 1041 1091 1076 certe
1131 1036 1471 1089 Θεσμοφορίων
1516 1039 1686 1078 mentio
1738 1051 1793 1078 ex

162 1091 501 1141 Aristophanea
533 1091 694 1130 fabula
726 1092 923 1156 repetita
953 1091 1151 1132 videtur.

273 1144 348 1209 32)
380 1147 519 1186 Paus.
544 1149 582 1197 1,
614 1148 653 1197 2,
686 1149 732 1186 2:
765 1143 1003 1188 τέθαπται
1036 1143 1090 1188 δὲ·
1123 1140 1391 1201 Εὐριπίδης
1423 1142 1473 1190 ἐν
1503 1148 1792 1217 Μακεδονίᾳ

161 1198 289 1253 παρὰ
334 1195 418 1242 τὸν
465 1179 664 1269 βασιλέα
701 1196 859 1244 ε’λθών
893 1196 1151 1256 Ἀρχέλαον.
1219 1205 1325 1244 Vita
1366 1204 1472 1244 Eur.
1510 1217 1575 1245 vs.
1615 1206 1691 1247 36:
1741 1200 1792 1246 ἐν

161 1255 461 1318 Μακεδονίᾳ
490 1251 657 1320 ἐτάφη,
726 1260 895 1299 Blanor
924 1259 1058 1301 Anth.
1089 1259 1188 1299 Pal.
1222 1261 1264 1310 7,
1292 1262 1367 1300 49:
1416 1273 1446 1300 α
1487 1257 1703 1308 Μακέτις
1743 1273 1792 1302 σε

162 1311 365 1354 κέκευθε
404 1300 561 1365 τάφου
598 1306 1004 1361 ndmg.P1ut.V
1038 1316 1237 1380 Lycurgi
1269 1329 1307 1356 c.
1341 1318 1415 1356 31·
1468 1309 1709 1371 Εὐριπίδῃ
1740 1340 1792 1346 -

163 1365 365 1420 ταφέντι
402 1368 486 1421 τῆς
516 1368 828 1416 ιἯακεδονιάς
864 1367 973 1421 περὶ
1007 1361 1302 1423 Ἀρέθουσαν.
1362 1373 1622 1412 Ammianus
1653 1373 1793 1414 Marc.

164 1426 234 1475 27,
255 1427 296 1475 4,
319 1425 366 1464 8:
397 1427 594 1477 proxima
616 1426 830 1466 Arethusa
860 1428 1056 1466 convallis
1087 1433 1127 1466 et
1156 1430 1298 1477 statio,
1332 1428 1373 1466 in
1395 1442 1475 1495 qua
1497 1430 1645 1468 visitur
1665 1429 1793 1469 Euri·

162 1482 276 1544 pidis
312 1483 556 1541 sepulcrum.
624 1481 835 1522 Addaeus
864 1481 998 1522 Anth.
1031 1481 1127 1521 Pal.
1161 1484 1198 1532 7,
1232 1485 1306 1523 51:
1345 1476 1465 1525 ὑπαὶ
1503 1479 1703 1538 Μακέτῃ
1743 1479 1793 1524 δ’

162 1529 412 1587 Ἀρεθούσῃ
441 1539 596 1576 κεῖσαι
628 1529 835 1589 ἑταιρείῃ
873 1535 1024 1589 τίμιος
1052 1513 1280 1590 Ἀρχέλεω
1339 1539 1518 1579 Plinius
1546 1539 1602 1579 N.
1635 1541 1692 1580 H
1724 1542 1794 1591 31,

168 1593 239 1632 19.
277 1593 318 1630 ἰη
348 1591 605 1632 Macedonia
636 1606 717 1632 non
750 1596 901 1643 procul
931 1593 1154 1644 Euripidis
1188 1601 1342 1645 poetae
1378 1597 1572 1646 sepulcro
1603 1597 1684 1636 duo
1715 1598 1797 1636 rivi

166 1647 386 1698 confluunt,
418 1650 526 1687 alter
555 1648 817 1687 saluberrimi
845 1655 981 1699 potus,
1015 1653 1123 1688 alter
1153 1651 1376 1700 mortiferi.
1429 1650 1661 1691 Vitruvius
1683 1653 1724 1701 8,
1747 1654 1794 1692 3·

167 1716 248 1743 non
277 1704 406 1742 minus
436 1707 479 1742 in
510 1703 766 1744 Macedonia
796 1717 874 1756 quo
905 1706 987 1744 loci
1013 1707 1198 1755 sepultus
1230 1711 1292 1745 est
1314 1706 1546 1771 Euripides
1567 1709 1725 1747 dextra
1746 1721 1796 1747 ac

162 1760 338 1800 sinistra
358 1760 602 1798 monumenti
621 1761 886 1799 advenientes
907 1761 986 1800 duo
1009 1762 1089 1799 rivi
1107 1767 1360 1801 concurrunt
1380 1763 1422 1801 in
1443 1775 1575 1812 unum,
1608 1776 1629 1802 e
1652 1763 1795 1816 quibus

166 1815 224 1854 ad
265 1827 384 1853 unum
426 1815 711 1855 accumbentes
747 1818 931 1856 viatores
972 1819 1218 1867 pransitare
1262 1820 1396 1858 solent
1439 1823 1617 1869 propter
1661 1832 1795 1871 aquae

165 1870 402 1918 bonitatem,
434 1871 494 1910 ad
522 1871 650 1910 rivum
680 1877 814 1911 autem
834 1874 906 1924 qui
934 1877 997 1911 est
1027 1885 1084 1912 ex
1105 1875 1242 1912 altera
1268 1880 1394 1925 parte
1415 1876 1662 1914 monumenti
1681 1888 1795 1915 nemo

165 1927 343 1987 accedit,
376 1927 474 1977 quia
503 1927 761 1989 mortiferam
780 1941 941 1990 aquam
971 1929 1126 1968 dicitur
1155 1929 1323 1972 habere.
1375 1929 1604 1982 discrepat
1635 1930 1796 1971 Suidas

165 1994 209 2023 v,
240 1973 530 2045 Εὐριπίδηςε
571 1979 652 2023 καὶ
683 1996 740 2023 τα
770 1975 884 2023 ὀστᾶ
917 1975 1066 2024 αὐτοῦ
1097 1977 1147 2025 ἒν
1180 1980 1339 2038 Πέλλῃ
1368 1983 1682 2038 μετακομίσαι
1714 1981 1795 2027 τὸν

167 2033 373 2088 βασιλέα.
426 2037 484 2078 cf.
517 2039 846 2089 Wesselingius
876 2039 1032 2079 Itiner.
1065 2053 1107 2092 p.
1132 2040 1227 2081 605.
1280 2040 1388 2080 ficta
1407 2054 1594 2082 narrare
1616 2042 1798 2082 videtur

167 2092 347 2133 Gellius
377 2094 443 2142 15,
475 2095 911 2146 20‚10:8epulcrum
941 2102 1077 2135 autem
1107 2098 1193 2136 eius
1215 2101 1256 2136 et
1285 2098 1518 2137 memoriam
1538 2097 1798 2138 Macedones

167 2161 215 2188 eo
246 2150 409 2211 dignati
441 2155 537 2189 sunt
571 2150 749 2194 honore,
791 2157 836 2190 ut
870 2152 912 2190 in
948 2153 1110 2213 ylariae
1136 2166 1310 2213 quoque
1348 2155 1439 2192 loco
1474 2155 1795 2204 praedicarent,

167 2216 338 2245 ουποτε
360 2199 443 2244 σὸν
473 2203 649 2257 μνῆμα,
683 2199 958 2258 Εὗρί,πιδες
990 2199 1146 2248 ὅλοιτό
1168 2221 1275 2260 που,
1309 2210 1422 2261 quod
1449 2211 1642 2261 eyreyius
1669 2217 1798 2261 poeta

166 2266 297 2300 morte
335 2260 469 2300 obitus
506 2264 690 2312 sepultus
728 2264 770 2302 in
807 2275 947 2302 eorum
983 2268 1104 2303 terra
1137 2264 1267 2314 foret.
1338 2265 1417 2304 ubi
1448 2264 1622 2305 Graeca
1662 2266 1797 2306 verba

168 2320 374 2413 οἳττιιρῐει
397 2320 520 2367 sunt3
545 2321 758 2369 expectes
781 2309 953 2359 οὔποτε
976 2313 1036 2372 δὴ
1059 2312 1143 2359 σὸν
1163 2311 1327 2372 μνῆμ’,
1352 2313 1610 2374 Εὐριπίδη,
1630 2315 1797 2362 οὔποτ’

168 2384 191 2411 ο
227 2384 351 2412 ειται

276 2425 352 2480 33)
386 2426 456 2467 Cf.
488 2428 585 2468 vita
614 2429 720 2469 Eur.
752 2443 819 2473 vs.
850 2431 917 2479 37,
951 2430 1062 2471 item
1091 2431 1227 2472 Anth.
1261 2431 1358 2475 Pal.
1390 2433 1433 2482 7,
1462 2433 1516 2473 45
1547 2430 1645 2484 (ubi
1677 2433 1796 2475 Θου·

167 2480 371 2523 κυδίδου
401 2484 697 2550 epigramma
708 2484 990 2552 inscribitur)
1023 2492 1067 2526 et
1096 2487 1287 2539 Bergkii
1299 2488 1421 2554 Lyr.
1456 2501 1498 2540 p.
1518 2490 1601 2529 472
1625 2488 1689 2530 ed.
1714 2490 1792 2530 alt

167 2536 364 2578 Pausan.
388 2540 425 2589 1,
448 2541 488 2589 2,
510 2541 556 2579 2.
588 2532 820 2582 α’νιόντων
854 2537 907 2582 δὲ
939 2535 991 2582 ἐκ
999 2541 1258 2604 Πειραιῶς
1290 2537 1475 2595 ε’ρείπια
1506 2543 1600 2584 τῶν
1614 2543 1796 2610 τειχῶν

169 2589 311 2644 ἔστιν,
343 2607 374 2635 α
404 2569 571 2636 Κόνων
600 2587 796 2660 ὕστερον
817 2596 901 2659 τῆς
923 2591 1039 2663 πρὸς
1061 2597 1223 2651 Κνίδῳ
1244 2599 1514 2661 ναυμαχίας
1537 2592 1795 2661 ανέστησεν

166 2669 222 2677 —-
260 2646 351 2691 εἰσὶ
391 2645 446 2691 δὲ
483 2645 629 2703 τοῖφοι
666 2666 790 2694 κατα
827 2648 914 2704 τὴν
949 2648 1068 2694 ὁδὸν
1111 2649 1463 2718 γνωριμώτατοι
1503 2648 1795 2705 Μενάνδρου

168 2702 252 2745 τοῦ
282 2705 577 2753 Διοπείθους
608 2706 690 2750 καὶ
722 2708 886 2761 μνῆμα
916 2703 1187 2759 Εὐριπίδου
1216 2703 1370 2752 κενόν.

277 2760 353 2824 34)
385 2761 505 2803 Plut.
540 2763 588 2805 V.
621 2765 823 2814 Lycurgi
855 2778 891 2804 c.
916 2767 989 2806 31:
1023 2761 1208 2818 λέγεται
1241 2761 1293 2807 δὲ
1327 2763 1408 2807 καὶ
1430 2765 1523 2807 τῶν
1555 2759 1793 2828 λειψάνων

171 2805 315 2857 αὐτοῦ
344 2816 582 2870 (Lycurgi)
594 2815 933 2884 κομισθέντων
964 2819 1130 2863 οἴκαδε
1161 2815 1395 2886 κεραυνὸν
1427 2818 1494 2868 εἰς
1525 2816 1607 2862 τὸν
1636 2833 1794 2871 ταφον

172 2871 493 2926 κατασκῆψαι·
532 2872 671 2916 τοῦτο
710 2871 765 2916 δὲ
805 2869 860 2916 οὗ
902 2871 1079 2928 ῥᾳδίως
1119 2869 1259 2930 ετέρῳ
1298 2875 1393 2918 τινὶ
1425 2876 1515 2918 τῶν
1546 2870 1792 2924 ἐπιφανῶν
