2022 3126
719 94 1137 141 ΙΠΠΟΛΊἽὈΣ

297 239 503 307 βροντᾷ
526 232 631 304 γὰρ
658 231 962 306 ἀμφιπύρω
987 233 1191 289 τοκάδα

297 317 398 373 τὰν
424 318 720 389 Διογόνοιο
744 316 963 387 Βάκχου

296 403 767 474 νυμφευσαμέναν
795 401 981 475 πότμῳ

297 492 476 561 φονίῳ
498 489 820 547 κατεύνασε.

296 570 453 626 δεινὰ
475 569 581 641 γὰρ
609 573 787 645 πάντᾳ·
814 573 858 643 γ’
884 573 1128 641 ἐπιπνεῖ,
1155 572 1381 641 μέλισσα
1407 568 1459 627 δ’

295 659 383 710 οἷα
407 678 487 720 τις
511 655 826 711 πεπόταται.

106 733 256 795 ΦΑΙ.
287 737 556 810 σιγήσατ’,
587 732 631 794 ῶ
653 752 939 810 γυναῖκες·
968 740 1382 810 ἐξειργάσμεθα.

103 831 220 879 ΧΟ.
289 829 347 878 τί
367 821 421 878 δ’
451 830 589 892 ἔστι,
619 828 865 894 Φαίδρα,
896 822 1085 879 δεινὸν
1109 826 1169 878 ἐν
1194 824 1409 895 δόμοισι
1432 837 1576 891 σοῖς;

104 914 255 964 ΦΑΙ.
285 906 518 978 ἐπίσχετ’
537 927 547 937 ·
581 906 762 978 αὐδὴν
784 914 896 963 τῶν
921 914 1136 963 ἔσωθεν
1159 909 1398 978 ἐκμάθω.

102 999 219 1048 ΧΟ.
291 999 455 1062 σιγῶ·
484 991 543 1048 τὸ
568 995 753 1063 μέντοι
779 998 1040 1063 φροίμιον
1063 991 1237 1047 κακὸν
1260 993 1403 1047 τόδε.

104 1084 251 1132 ΦΑΙ.
285 1077 349 1130 ἰῶ
372 1099 490 1147 μοι,
517 1081 637 1131 αἰαῖ
663 1083 798 1133 αἰαῖ·

290 1153 335 1215 cg
361 1160 697 1216 δυστάλαινα
720 1167 832 1216 τῶν
854 1165 1001 1232 ἐμῶν
1030 1161 1389 1231 παθημάτων.

102 1252 216 1301 ΧΟ.
286 1240 410 1300 τίνα
434 1254 625 1316 θροεῖς
650 1242 856 1312 αὕδάν;
885 1251 1008 1300 τίνα
1030 1251 1162 1319 βοᾷς
1185 1245 1384 1315 λόγον;

285 1331 479 1384 ἔννεπε
506 1335 588 1394 τίς
619 1336 785 1401 φοβεῖ
811 1348 871 1386 σε
899 1331 1082 1402 φάμα,
1114 1332 1306 1405 γύναι,

285 1413 491 1481 φρένας
518 1414 824 1476 ἐπίσσυτος.

102 1502 248 1550 ΦΑΙ.
281 1493 666 1566 ἀπωλόμεσθα.
697 1494 875 1552 ταῖσδ’
903 1499 1185 1553 ἐπιστᾶσαι
1210 1497 1408 1564 πύλαις

288 1577 568 1636 ἀκούσαθ’
596 1577 708 1645 οἶος
730 1583 959 1647 κέλαδος
983 1585 1042 1637 ἐν
1067 1582 1257 1653 δόμοις
1280 1590 1476 1638 πίτνει.

99 1671 214 1719 ΧΟ.
283 1662 353 1719 σὺ
379 1663 527 1734 παρὰ
552 1672 797 1738 κλῇθρα·
830 1668 918 1722 σοὶ
941 1669 1092 1737 μέλει
1115 1673 1367 1738 πομπίμα

286 1749 448 1819 φάτις
471 1751 756 1821 δωμάτων.

291 1839 450 1889 ἔνεπε
475 1832 528 1890 δ’
564 1838 727 1891 ἔνεπέ
744 1859 864 1907 μοι,
888 1840 947 1889 τί
964 1832 1087 1890 ποτ’
1116 1841 1215 1906 ἔβα
1237 1837 1435 1903 κακόν;

98 1924 244 1972 ΦΑΙ.
279 1915 307 1973 ὁ
332 1924 426 1988 τῆς
450 1926 725 1989 φιλίππου
749 1932 876 1984 παῖς
898 1916 1187 1989 Ἀμαζόνος
1210 1927 1316 1994 βοᾷ

278 1999 620 2075 Ἱππόλυτος,
646 2002 839 2060 αὐδῶν
863 2002 1019 2060 δεινὰ
1044 2003 1360 2075 πρόσπολον
1384 2009 1538 2061 κακά.

94 2092 212 2141 ΧΟ.
282 2084 418 2157 ἀχὰν
443 2088 544 2159 μὲν
567 2089 749 2159 κλύω,
777 2089 948 2160 σαφὲς
974 2087 1027 2143 δ’
1055 2086 1158 2144 οὐκ
1184 2095 1286 2160 ἔχω

286 2186 553 2242 γεγωνεῖν
575 2171 684 2247 ὅπᾳ

285 2255 379 2311 διᾶ
407 2257 584 2323 πύλας
608 2263 801 2328 ἔμολεν
828 2264 987 2329 ἔμολε
1010 2260 1097 2313 σοὶ
1123 2258 1242 2328 βοά.

92 2346 241 2395 ΦΑΙ.
274 2342 366 2395 καὶ
388 2340 499 2412 μὴν
521 2347 711 2412 σαφῶς
734 2365 798 2413 γε
821 2341 921 2412 τὴν
943 2348 1131 2397 κακῶν
1153 2343 1580 2414 προμνήστριαν,

279 2423 380 2494 τὴν
404 2425 673 2481 δεσπότου
695 2431 1015 2497 προδοῦσαν
1039 2429 1242 2501 ε’ξαυδᾷ
1263 2429 1430 2498 λε’χος.

97 2515 207 2563 ΧΟ.
283 2506 419 2579 ὤμοι
444 2509 550 2580 ε’γῶ
575 2516 787 2566 κακῶν·
813 2513 1173 2582 προδέδοσαι,
1199 2518 1349 2583 φίλα.

281 2599 339 2648 τί
357 2611 444 2649 σοι
467 2594 734 2665 μήσομαι;

279 2676 344 2732 τὰ
368 2681 584 2749 κρυπτοὶ
605 2679 712 2752 γάρ
729 2682 968 2751 πέφηνε,
995 2676 1087 2735 διὰ
1115 2676 1167 2735 δ’
1195 2677 1423 2736 ὄλλυσαι

92 2767 243 2816 ΦΑΙ.
278 2768 420 2833 αἰαῖ,
447 2765 475 2818 ἒ
501 2769 542 2819 ἕ.

90 2845 206 2906 ΧΟ.
275 2846 543 2918 πρόδοτος
567 2852 626 2904 ἐκ
652 2855 851 2920 φίλων.

229 2944 379 2975 Evam.
417 2946 522 2976 vot.
560 2934 594 2976 Ι.
1400 2931 1466 2980 28

1659 90 1764 142 433

1675 1175 1759 1219 5⁷0

1673 1514 1756 1560 575

1667 2106 1752 2150 585

1665 2443 1749 2489 590

1654 2864 1743 2911 595
