2022 3126
226 1169 335 1219 XO.

229 1337 322 1387 [Π.

839 88 1265 135 ΙΠΠΟΛΥΤΟΣ

408 232 467 285 τὸ
494 227 546 286 δ’
580 227 749 300 άρσεν
775 225 979 291 αυτούς
1003 223 1212 298 ὠφελεῖ
1233 232 1648 296 προσκείμενον.
1787 239 1873 287 970

409 320 517 370 νῦν
541 316 646 369 οὐν
669 319 727 368 τί
743 318 915 368 ταῦτα
940 323 1056 376 σοῖς
1081 308 1391 382 ἁμιλλῶμαι
1412 309 1599 381 λόγοις

407 405 611 470 νεκροῦ
637 397 909 468 παρόντος
933 395 1210 467 μάρτυρος
1231 394 1609 466 σαφεστάτου·
1597 438 1610 461 ,

409 486 594 553 ἕξερρε
618 488 776 554 γαίας
798 479 952 553 τῆσδ’
992 499 1125 537 οσον
1147 480 1307 550 τάχος
1337 478 1537 550 φυγάς,

409 570 502 624 καὶ
525 565 649 639 μήτ’
681 565 922 638 Ἀθήνας
944 565 1039 630 τὰς
1062 562 1411 635 θεοδμήτους
1434 563 1622 635 μόλῃς,

409 650 531 725 μήτ’
568 658 643 717 εἰς
667 649 834 721 ὅρους
856 657 956 722 γῆς
980 652 1044 722 ῆς
1070 648 1202 721 ἐμὸν
1227 661 1423 720 κρατεῖ
1448 647 1604 718 δόρυ.
1793 660 1877 706 975

412 743 462 794 εἰ
483 737 632 809 γὰρ
618 733 820 792 παθῶν
843 759 906 806 γε
935 740 1037 791 σοῦ
1063 731 1184 790 τάδ’
1212 732 1616 805 ἡσσηθήσομαι,

410 819 478 878 οὐ
501 821 840 893 μαρτυρήσει
863 818 918 892 μ’
944 818 1195 891 Ἴσθμιος
1219 824 1382 883 Σίνις
1406 817 1538 873 ποτὲ

411 920 634 963 κτανεῖν
661 905 886 975 ἑαυτόν,
914 903 1053 961 ἀλλὰ
1077 904 1372 976 κομπάζειν
1395 903 1591 974 μάτην,

412 989 534 1047 οὐδ’
564 996 626 1048 αί
657 993 911 1062 θαλάσσῃ
951 990 1219 1060 σύννομοι
1243 992 1618 1056 Σκειρωνίδες

416 1077 656 1148 φήσουσι
680 1078 873 1146 πέτραι
897 1087 1011 1140 τοῖς
1033 1087 1224 1139 κακοῖς
1249 1071 1309 1145 μ’
1339 1072 1481 1128 εἶναι
1508 1072 1706 1143 βαρύν.
1795 1085 1880 1130 980

411 1159 512 1216 οὐκ
537 1160 623 1217 οἶδ
632 1159 645 1180 ’
674 1158 822 1224 ὅπως
847 1156 1050 1229 εἴποιμ’
1080 1154 1149 1213 ἂν
1175 1156 1428 1228 εὐτυχεῖν
1451 1180 1575 1212 τινα

411 1251 662 1317 θνητῶν·
688 1243 754 1300 τὰ
778 1243 883 1316 γὰρ
914 1243 981 1314 δὴ
1007 1240 1179 1313 πρῶτ’
1210 1241 1578 1311 ἀνέστραπται
1602 1242 1784 1297 πάλιν.

411 1330 607 1403 πάτερ,
637 1332 798 1401 μένος
821 1330 922 1400 μὲν
951 1328 1205 1394 ξύστασίς
1228 1350 1286 1382 τε
1310 1332 1425 1382 σῶν
1449 1332 1674 1396 φρενῶν

413 1416 591 1486 δεινή·
616 1414 677 1470 τὸ
703 1416 891 1486 μέντοι
919 1410 1127 1484 πρᾶγμ’
1157 1418 1281 1482 ἔχον
1305 1409 1506 1476 καλοὺς
1538 1411 1752 1479 λόγους,

419 1508 571 1565 εἴτις
596 1499 972 1569 διαπτύξειεν,
1000 1495 1067 1553 οὐ
1097 1496 1269 1553 καλὸν
1293 1496 1434 1552 τόδε.
1795 1506 1878 1552 985

417 1583 522 1656 ἐγω
551 1582 603 1640 δ’
633 1582 878 1655 ἄκομψος
904 1588 980 1649 εἰς
1005 1581 1170 1653 ὄχλον
1196 1587 1396 1638 δοῦναι
1420 1580 1604 1652 λόγον,

416 1675 491 1734 εἰς
515 1666 709 1741 ἥλικας
734 1669 796 1724 δὲ
819 1665 1093 1739 κώλίγους
1120 1666 1450 1740 σοφώτερος.

416 1760 525 1825 ἔχει
550 1755 610 1810 δὲ
633 1766 834 1826 μοῖραν
856 1755 949 1808 καὶ
972 1750 1089 1808 τόδ’
1109 1771 1119 1781 ·
1150 1756 1206 1807 οἱ
1224 1750 1328 1823 γὰρ
1354 1754 1414 1807 ἐν
1437 1761 1632 1820 σοφοῖς

417 1845 620 1910 φαῦλοι
643 1835 776 1908 παρ’
809 1835 951 1913 ὄχλῳ
975 1836 1374 1908 μουσικώτεροι
1399 1837 1596 1905 λέγειν.

419 1921 565 1995 ὅμως
590 1921 640 1980 δ’
670 1921 914 1995 ἀνάγκη,
941 1928 1233 1994 συμφορᾶς
1259 1919 1583 1992 ἀφιγμένης,
1795 1930 1880 1974 990

417 2009 672 2081 γλῶσσάν
696 2005 753 2078 μ’
789 2006 1030 2079 ἀφεῖναι.
1058 2013 1247 2078 πρῶτα
1284 2003 1336 2060 δ’
1363 2003 1595 2075 ἄρξομαι
1618 2004 1799 2074 λέγειν

418 2091 557 2149 ὅθεν
580 2092 637 2164 μ’
665 2091 916 2163 ὑπῆλθες
939 2097 1160 2163 πρῶτον
1185 2088 1257 2156 ῶς
1282 2094 1611 2160 διαφθερῶν

421 2175 524 2234 οὐκ
549 2175 901 2243 ἆντιλέξοντ’.
932 2180 1148 2249 εἰσορᾷς
1173 2175 1311 2246 φάος
1333 2174 1460 2231 τόδε

418 2264 510 2318 καὶ
534 2275 724 2333 γαῖαν·
752 2264 811 2317 ἐν
841 2259 1014 2317 τοῖσδ’
1044 2258 1146 2317 οὐκ
1174 2257 1348 2316 ἔνεστ’
1379 2257 1519 2329 ἀνὴρ
1546 2263 1701 2328 ἐμοῦ,

419 2344 544 2403 οὐδ’
573 2343 643 2418 ἦν
667 2344 738 2402 σύ
763 2345 834 2417 μὴ
860 2352 995 2420 φῇς,
1021 2347 1468 2417 σωφρονέστερος
1489 2343 1679 2414 γεγώς.
1799 2354 1881 2399 995

419 2435 709 2503 ἐπίσταμαι
735 2430 840 2502 γὰρ
866 2437 1057 2502 πρῶτα
1082 2430 1183 2501 μὲν
1207 2429 1377 2494 θεοὺς
1401 2430 1603 2500 σέβειν,

423 2523 607 2587 φίλοις
629 2539 687 2571 τε
709 2521 949 2587 χρῆσθαι
974 2514 1046 2587 μὴ
1070 2513 1288 2571 ἀδικεῖν
1312 2514 1689 2585 πειρωμένοις,

417 2597 538 2656 ἀλλ’
568 2597 712 2656 οἷσιν
736 2599 905 2665 αἰδώς
928 2597 1054 2673 μήτ’
1082 2602 1439 2671 ἐπαγγέλλειν
1462 2596 1603 2652 κακὰ

417 2683 542 2756 μήτ’
571 2683 995 2756 ἀνθυπουργεῖν
1018 2685 1214 2756 αἰσχρὰ
1237 2697 1376 2741 τοῖσι
1398 2683 1720 2754 χρωμένοις·

421 2767 523 2824 οὐκ
549 2768 873 2842 ἐγγελαστὴς
896 2776 1007 2825 τῶν
1033 2767 1405 2840 ὁμιλούντων,
1431 2767 1620 2837 πάτερ,
1771 2779 1884 2822 1000

421 2851 539 2908 ἀλλ’
570 2852 736 2919 αὑτὸς
760 2851 828 2910 οὐ
853 2860 1093 2926 παροῦσι
1117 2851 1327 2926 κᾶγγὺς
1352 2849 1430 2909 ῶν
1457 2857 1634 2922 φίλος.
