2022 3126
779 98 1114 146 ΙΚΕΤΙΔΕΣ
1671 93 1776 149 399

313 237 551 304 ἀψευδὲς
573 228 740 310 ἦθος,
769 236 1185 311 εὐπροσήγορον
1208 238 1396 310 στόμα,

309 345 584 395 ακραντον
610 319 778 377 ούδεν
803 320 923 378 ούτ’
953 326 1005 388 ἐς
1032 324 1242 388 οἰκέτας
1265 324 1439 393 λέγων
1693 339 1775 383 870

307 404 428 465 οὔτ’
458 413 533 471 εἰς
556 412 793 470 πολίτας.
854 405 952 462 τὸν
976 408 1035 462 δὲ
1063 407 1324 479 δεύτερον
1349 409 1488 478 λέγω

303 487 609 560 Ἐτέοκλον,
637 488 808 561 άλλην
831 490 1147 563 χρηστότητ’
1176 489 1475 579 ἠσκηκότα

310 582 530 639 νεανίας
554 567 624 645 ἦν
648 581 723 649 τῶ
748 582 852 650 βίῳ
878 599 978 646 μεν
1003 576 1206 647 ἐνδεής,

312 666 602 724 πλείστους
622 658 680 714 δὲ
700 663 856 729 τιμὰς
875 659 977 730 ἔσχ’
995 662 1055 715 ἐν
1072 657 1290 734 Ἀργεία
1314 667 1493 730 χθονί.

308 750 492 816 φίλων
518 744 578 799 δὲ
602 741 811 815 χρυσὸν
835 744 1096 809 πολλάκις
1124 746 1495 815 δωρουμένων
1694 758 1775 802 875

310 825 413 884 οὐκ
441 825 732 894 εἰσεδέξατ’
764 827 918 884 οἶκον
944 827 1076 884 οὐδὲ
1098 828 1226 893 τούς
1250 828 1488 899 τρόπους

312 913 549 978 δούλους
579 914 815 983 παρέσχε
838 913 1130 985 χρημάτων
1154 915 1402 984 ζευχθεὶς
1431 911 1555 969 ὕπο.

311 995 440 1062 τοὺς
471 995 522 1052 δ’
551 996 1045 1069 ἐξαμαρτάνοντας,
1071 994 1191 1067 οὐχὶ
1216 997 1316 1068 τὴν
1340 998 1499 1053 πόλιν

309 1079 564 1152 ἤχθαιρ’·
593 1083 715 1136 ἐπεί
733 1105 814 1136 τοι
838 1080 1042 1138 κούδεν
1066 1088 1210 1137 αἰτία
1235 1081 1392 1146 πόλις

217 1191 218 1194 “
308 1171 488 1230 κακῶς
512 1165 760 1221 κλύουσα
786 1165 878 1221 δια
904 1167 1252 1238 κυβερνήτην
1274 1167 1462 1223 κακόν.
1689 1182 1774 1226 880

308 1248 336 1305 ὁ
361 1247 413 1305 δ’
444 1243 517 1306 αὖ
541 1256 721 1322 τρίτος
746 1249 908 1306 τῶνδ’
932 1249 1269 1322 Ἱππομέδων
1293 1248 1500 1307 τοιόσδ’
1532 1258 1665 1323 εφυ

307 1347 432 1399 παῖς
458 1331 535 1389 ῶν
562 1333 812 1405 ἐτόλμησ’
847 1333 1022 1401 εὐθὺς
1046 1333 1112 1392 ού
1137 1333 1272 1405 πρὸς
1295 1332 1496 1407 ἡδονας

308 1425 561 1474 Μουσῶν
583 1422 890 1491 τραπέσθαι
917 1426 1054 1489 πρός
1084 1442 1141 1473 τε
1173 1420 1463 1488 μαλθακὸν
1494 1428 1637 1490 βίον,

309 1501 515 1574 ἀγροὺς
539 1505 599 1560 δὲ
624 1511 826 1575 ναίων,
855 1505 1065 1577 σκληρὰ
1088 1511 1155 1578 τῇ
1180 1507 1347 1576 φύσει
1373 1505 1562 1571 διδοὺς

308 1595 489 1659 ἔχαιρε
513 1587 648 1659 πρὸς
669 1586 985 1661 τάνδρεῖον,
1014 1598 1090 1654 εἴς
1111 1587 1162 1645 τ’
1192 1588 1362 1661 ἄγρας
1389 1589 1490 1645 ἰῶν
1689 1605 1773 1648 885

306 1676 492 1737 ἵπποις
518 1691 574 1728 τε
595 1680 803 1744 χαίρων
828 1674 954 1740 τόξα
977 1672 1026 1730 τ’
1055 1678 1316 1730 ἐντείνων
1339 1688 1540 1746 χεροῖν,

306 1756 462 1812 πόλει
488 1771 788 1829 παρασχεῖν
811 1765 964 1829 σῶμα
988 1759 1255 1830 χρήσιμον
1277 1762 1479 1814 θέλων.

309 1837 337 1895 ὁ
365 1847 458 1911 τῆς
484 1849 732 1914 κυναγοῦ
760 1841 811 1898 δ’
841 1841 1002 1909 ἄλλος
1021 1841 1347 1915 Ἀταλάντης
1372 1844 1551 1915 γόνος,

305 1938 430 1990 παῖς
451 1933 902 1998 Παρθενοπαῖος,
931 1928 1075 1994 εἶδος
1099 1929 1436 1998 ἐξοχώτατος,

298 2006 494 2080 Ἀρκας
516 2035 618 2082 μεν
640 2013 738 2083 ἠν,
769 2011 953 2068 ἐλθῶν
978 2011 1030 2069 δ’
1065 2009 1150 2068 ἐπ’
1174 2010 1383 2084 Ἰνάχου
1409 2013 1538 2084 ῥοας
1687 2030 1772 2073 890

305 2095 625 2152 παιδεύεται
648 2094 770 2152 κατ’
791 2095 1004 2169 ’Ἄργος
1066 2100 1354 2170 ἐκτραφεις
1382 2096 1434 2153 δ’
1468 2102 1582 2155 ἐκεῖ

304 2185 525 2247 πρῶτον
547 2183 675 2251 με’ν,
702 2179 774 2246 ῶς
797 2180 899 2252 χρὴ
925 2205 1053 2248 τους
1076 2189 1466 2254 μετοικοῦντας
1489 2186 1692 2251 ξένους,

303 2262 548 2334 λυπηρὸς
573 2262 676 2320 οὐκ
701 2266 773 2336 ἠν
796 2264 921 2322 οὐδ’
951 2270 1256 2337 ἐπίφθονος
1279 2267 1435 2323 πόλει

307 2343 430 2401 οὐδ’
464 2348 735 2421 ἐξεριστὴς
759 2357 870 2406 τῶν
893 2352 1102 2422 λόγων,
1131 2348 1270 2406 όθεν
1294 2350 1470 2423 βαρυς

305 2430 519 2501 μάλιστ’
552 2429 621 2488 ἂν
646 2442 728 2505 εἴη
756 2436 992 2507 δημότης
1017 2458 1075 2491 τε
1099 2437 1190 2490 καὶ
1215 2438 1388 2502 ξένος
1687 2452 1769 2494 895

303 2514 482 2585 λόχοις
510 2515 561 2572 δ’
592 2517 832 2590 ἐφεστῶς
857 2517 1040 2591 ῶσπερ
1058 2518 1298 2621 Ἀργεῖος
1321 2519 1495 2591 γεγῶς

303 2597 481 2670 ’ἤμυνε
504 2603 681 2676 χώρα,
702 2600 904 2674 χὼπότ’
936 2606 998 2659 εὐ
1025 2604 1258 2676 πράσσοι
1281 2605 1451 2672 πόλις,

303 2706 513 2755 εχαιρε,
538 2693 762 2759 λυπρῶς
787 2685 840 2743 δ’
876 2694 1104 2761 ἔφερεν,
1134 2697 1188 2746 εἴ
1203 2713 1254 2745 τι
1280 2695 1559 2760 δυστυχοῖ.

302 2768 540 2834 πολλοὺς
564 2768 616 2827 δ’
645 2770 873 2844 ἐραστὰς
899 2771 1042 2829 κάπό
1068 2780 1314 2846 θηλειῶν
1337 2771 1466 2838 ὅσας

302 2860 472 2923 ἔχων,
499 2856 760 2928 ἐφρούρει
786 2857 959 2927 μηδὲν
983 2859 1389 2930 ἐξαμαρτάνειν.
1683 2871 1766 2913 900
