2022 3126
731 115 1189 162 ANAPOMAXH
1682 115 1744 166 67

296 252 418 312 ἄλλ’
448 251 520 318 ὥς
543 255 747 317 ἐσεῖδες
770 251 1004 322 μαστόν,
1032 251 1279 322 ἐκβαλών
1304 256 1460 321 ξίφος

296 335 490 410 φίλημ’
518 338 680 402 ἐδέξω
696 379 710 405 ,
736 335 999 406 προδότιν
1024 335 1300 389 αἰκάλλων
1324 335 1483 405 κύνα,
1668 352 1751 395 630

295 421 481 494 ἥσσων
505 417 770 492 πεφυκώς
792 419 1102 490 Κύπριδος,
1132 412 1174 473 ὦ
1198 419 1420 474 κάκιστε
1444 420 1529 474 σύ.

295 500 510 562 κᾶπειτ’
539 507 592 568 ἐς
617 511 803 568 οἴκους
825 509 938 558 τῶν
962 506 1107 574 ἐμῶν
1132 501 1316 558 ἐλθών
1338 505 1550 558 τέκνων

295 598 525 659 πορθεῖς
549 585 805 643 ἀπόντων
828 589 920 642 καὶ
944 600 1182 658 γυναῖκα
1207 591 1452 658 δυστυχῆ

292 679 525 736 κτείνεις
552 670 754 742 ἀτίμως
779 671 949 727 παῖδά
972 669 1054 740 θ’,
1081 668 1138 734 ὂς
1165 668 1427 726 κλαίοντά
1455 691 1515 726 σε

291 759 384 813 καὶ
407 756 509 828 τὴν
534 760 593 812 ἐν
616 764 784 819 οἴκοις
811 754 916 826 σὴν
938 755 1262 826 καταστήσει
1287 756 1476 826 κόρην,
1670 771 1751 814 635

293 847 382 897 κεί
399 843 517 913 τρὶς
542 840 712 904 νόθος
736 841 965 912 πέφυκε.
993 840 1251 904 πολλάκις
1277 843 1342 895 δέ
1363 862 1444 895 τοι

293 924 428 997 ξηρὰ
451 932 689 997 βαθεῖαν
715 929 821 994 γῆν
847 927 1063 994 ἐνίκησε
1090 931 1283 999 σπορᾷ,

290 1010 455 1065 νόθοι
477 1033 536 1065 τε
560 1010 751 1064 πολλοὶ
776 1016 1021 1079 γνησίων
1046 1005 1349 1079 ἀμείνονες.

293 1090 414 1148 ἀλλ’
444 1097 730 1164 ἐκκομίζου
755 1098 940 1148 παῖδα.
968 1092 1231 1148 κύδιστον
1253 1099 1472 1164 βροτοῖς

291 1181 497 1249 πένητα
518 1175 755 1249 χρηστὸν
778 1172 815 1247 ἦ
837 1176 1010 1232 κακὸν
1036 1178 1128 1233 καὶ
1153 1177 1421 1232 πλούσιον
1671 1190 1753 1232 640

290 1262 541 1334 γαμβρὸν
565 1268 847 1317 πεπᾶσθαι
871 1263 963 1317 καὶ
988 1268 1155 1332 φίλον
1173 1281 1184 1290 ·
1210 1261 1281 1317 σὺ
1308 1266 1340 1316 δ
1347 1259 1360 1278 '
1393 1258 1561 1316 οὐδὲν
1587 1259 1648 1315 εἶ.

107 1355 218 1404 XO.
285 1353 516 1419 σμικρᾶς
540 1344 635 1402 ἀπ’
665 1344 832 1417 ἀρχῆς
855 1359 1037 1410 νεῖκος
1062 1344 1379 1416 ἀνθρώποις
1406 1347 1544 1416 μέγα

291 1429 494 1502 γλῶσσ’
527 1434 796 1502 ἐκπορίζει
816 1449 828 1459 ·
863 1436 1023 1485 τοῦτο
1049 1428 1100 1486 δ’
1129 1435 1183 1485 οἱ
1204 1432 1367 1500 σοφοὶ
1390 1434 1605 1502 βροτῶν

293 1518 744 1586 ἐξευλαβοῦνται,
772 1513 844 1586 μὴ
873 1521 1056 1585 φίλοις
1079 1515 1295 1585 τεύχειν
1324 1520 1457 1587 ἔριν.

108 1607 231 1655 ΜΕ.
290 1605 349 1654 τί
369 1597 486 1670 δῆτ’
518 1595 587 1654 ἂν
612 1607 783 1663 εἴποις
806 1598 935 1664 τοὺς
956 1602 1217 1671 γέροντας
1241 1596 1313 1663 ὡς
1336 1600 1502 1670 σοφοὶ
1671 1612 1753 1655 645

293 1686 385 1738 καὶ
409 1683 537 1748 τοὺς
563 1696 796 1755 φρονεῖν
819 1687 1120 1748 δοκοῦντας
1139 1681 1399 1754 “Ἐλλησίν
1423 1704 1571 1752 ποτε,

292 1765 374 1823 ὅτ’
405 1764 484 1823 ‹13¹2›
507 1767 576 1823 σὺ
602 1766 822 1838 Πηλεὺς
835 1768 945 1840 [καὶ
963 1766 1166 1839 πατρὸς
1189 1773 1411 1823 κλεινοῦ
1436 1767 1628 1839 γεγώς,

290 1856 457 1922 κῆδος
479 1851 758 1927 ξυνάψας,]
778 1850 972 1924 αἰσχρὰ
996 1851 1097 1922 μὲν
1121 1857 1305 1926 σαυτῷ
1330 1854 1508 1922 λε’γεις

290 1933 422 2007 ἡμῖν
447 1941 480 1991 δ
487 1934 500 1955 '
529 1933 718 2008 ὀνείδη
746 1935 836 1992 διὰ
860 1950 1097 2007 γυναῖκα
1121 1937 1433 2008 βάρβαρον;

284 2020 355 2091 ἣν
375 2027 513 2091 χρῆν
535 2020 854 2077 σ’ἐλαύνειν
877 2019 1034 2092 τήνδ’
1060 2019 1201 2091 ὑπὲρ
1225 2028 1439 2076 Νείλου
1463 2019 1592 2091 ῥοὰς
1667 2033 1753 2076 650

288 2103 430 2176 ὑπέρ
455 2128 512 2159 τε
538 2111 717 2160 Φᾶσιν
740 2103 877 2176 κάμὲ
900 2113 1238 2176 παρακαλεῖν
1268 2105 1378 2161 ἀεί·

292 2184 468 2244 οὖσαν
491 2190 592 2260 μὲν
612 2187 965 2261 Ἠπειρῶτιν,
992 2182 1061 2245 οὗ
1085 2191 1366 2262 πεσήματα

292 2271 513 2328 πλεῖσθ’
545 2272 800 2338 Ἑλλάδος
823 2277 1072 2330 πέπτωκε
1099 2279 1357 2345 δοριπετῆ
1380 2280 1613 2344 νεκρῶν,

290 2358 389 2412 τοῦ
413 2364 514 2413 σοῦ
539 2359 601 2413 δὲ
625 2358 820 2423 παιδὸς
844 2363 1067 2429 αἵματος
1089 2362 1473 2430 κοινουμένην.
1666 2371 1748 2414 654

292 2444 384 2496 καὶ
407 2445 542 2514 τῇδέ
562 2440 615 2513 γ’
649 2446 876 2514 εἰσέρχει
900 2442 970 2498 σύ
993 2441 1197 2498 ταύτὸν
1224 2449 1298 2508 εἰς
1321 2446 1509 2515 στέγος

291 2527 382 2580 καὶ
407 2527 773 2598 ξυντράπεζον
795 2525 962 2594 ἀξιοῖς
988 2534 1132 2598 ἔχειν
1154 2535 1295 2599 βίον,

291 2616 495 2665 τίκτειν
518 2609 575 2666 δ’
602 2614 662 2666 ἐν
688 2621 856 2677 οἴκοις
880 2617 1078 2676 παῖδας
1103 2615 1391 2683 ἐχθίστους
1414 2615 1517 2685 ἐᾷς.

289 2690 403 2762 ἁγώ
430 2702 664 2769 προνοίᾳ
687 2702 752 2769 τῇ
776 2719 833 2751 τε
858 2703 926 2768 σῇ
952 2694 1114 2768 κᾶμῇ,
1140 2699 1323 2768 γέρον,
1662 2707 1746 2749 660

297 2803 445 2860 Πάρις
475 2803 583 2861 γάρ,
617 2801 668 2856 ὃς
701 2805 783 2851 σὸν
815 2805 954 2851 παῖδ’
984 2805 1152 2863 ἔπεφν’
1181 2805 1389 2871 Ἀχιλλέα,
1662 2809 1744 2852 655

285 2870 504 2928 ’Έκτορος
535 2872 732 2930 οῗδελφὸς
762 2869 848 2933 ἦν,
882 2873 1035 2931 δάμαρ
1069 2872 1116 2917 δ’
1142 2870 1224 2931 ἥδ’
1261 2866 1485 2985 Έκὲορος.

1380 2939 1404 2965 20:
