2022 3126
744 51 1199 98 ANAPOMAXH

140 197 260 246 ΠΗ.
324 212 391 245 ov
417 188 489 260 μὴ
515 193 799 262 γυναικῶν
824 184 1010 242 δειλὸν
1037 192 1290 251 εἰσοίσεις
1315 192 1513 259 λόγον;

319 357 537 423 ψαύσει.
583 361 738 411 θεῶν
759 352 864 426 γὰρ
904 347 1075 424 εινεχ’
1106 359 1334 410 ἱππικοῦ
1360 353 1406 409 τ’
1437 354 1602 428 ὄχλου

322 447 541 497 πολλῶν
564 437 626 494 θ’
655 436 896 493 ὁπλιτῶν
920 435 1159 509 ἄρχομεν
1184 445 1373 494 Φθίαν
1398 441 1560 496 κάτα·

321 523 475 596 ἡμεῖς
500 521 550 579 δ’
581 521 656 579 ἔτ’
687 520 850 594 ὀρθοὶ
872 520 977 577 κού
1003 524 1283 594 γέροντες,
1312 520 1382 587 ῶς
1410 529 1604 596 δοκεῖς,

322 606 444 664 ἀλλ’
475 617 551 673 εἰς
574 631 637 678 γε
664 605 872 662 τοιόνδ
903 604 1065 677 άνδρ’
1094 605 1409 678 ἀποβλέψας
1433 610 1606 680 μόνον

319 705 585 761 τροπαῖον
610 689 784 747 αὐτοῦ
808 692 1073 762 στήσομαι
1099 694 1340 763 πρέσβυς
1363 715 1465 764 περ
1493 691 1588 748 ῶν.

320 783 540 833 πολλῶν
563 779 707 832 νέων
732 800 836 846 γαρ
861 772 966 831 κᾶν
990 777 1169 846 γέρων
1197 773 1434 847 εὔψυχος
1458 779 1492 850 ’ᾗ

1718 49 1781 101 71

1705 459 1784 501 760

321 867 620 933 κρείσσων·
647 866 706 914 τί
724 884 828 963 γαρ
855 865 942 915 δει
963 858 1191 915 δειλὸν
1174 857 1289 916 ὄντ’
1318 861 1684 932 εὐσωματεϊν;
1703 876 1783 921 765

138 952 248 1001 XO.
320 941 356 1016 ἦ
378 945 450 1016 μὴ
478 951 742 1016 γενοίμαν
774 942 808 1015 ἢ
841 943 1095 1017 πατέρων
1126 943 1356 1016 ἀγαθῶν
1584 965 1697 1017 στρ.

323 1036 443 1101 εἴην
465 1028 824 1099 πολυκτήτων
849 1051 908 1083 τε
934 1027 1121 1098 δόμων
1144 1029 1381 1097 μέτοχος.

321 1122 376 1169 εἴ
392 1137 443 1169 τι
465 1112 570 1185 γὰρ
596 1113 791 1183 πάσχοι
813 1136 894 1177 τις
919 1110 1224 1183 ἀμήχανον,
1253 1109 1420 1178 ἀλκᾶς

321 1195 388 1253 οὐ
413 1198 609 1262 σπάνις
637 1196 964 1269 εὐγενέταις,

318 1285 780 1354 κηρυσσομένοισι
805 1279 855 1337 δ’
886 1280 980 1336 ἀπ’
1009 1285 1228 1337 ἐσθλῶν
1253 1282 1521 1353 δωμάτων

322 1365 450 1438 τιμὰ
477 1368 570 1422 καὶ
594 1369 763 1431 κλέος·
791 1365 944 1422 οὗτοι

319 1457 552 1515 λείψανα
575 1457 687 1506 τῶν
711 1448 943 1521 ἀγαθῶν

322 1532 545 1605 ἀνδρῶν
571 1533 887 1606 ἀφαιρεῖται
912 1536 1133 1606 χρόνος·
1162 1534 1194 1591 ἁ
1220 1534 1272 1591 δ’
1300 1533 1465 1608 ἀρετὰ

317 1621 410 1675 καὶ
434 1625 675 1675 θανοῦσι
698 1619 913 1690 λάμπει.

318 1716 577 1776 κρεῖσσον
601 1703 663 1758 δὲ
684 1710 848 1759 νίκαν
878 1705 950 1777 μὴ
981 1704 1283 1771 κακόδοξον
1315 1709 1458 1775 ἔχειν
1579 1703 1693 1761 ἀντ.

318 1784 353 1858 ἢ
378 1787 480 1855 ξὺν
505 1787 705 1862 φθόνῳ
730 1789 999 1859 σφάλλειν
1024 1791 1257 1861 δυνάμει
1281 1815 1338 1847 τε
1363 1797 1542 1850 δίκαν.

318 1869 427 1943 ἡδὺ
452 1872 553 1943 μὲν
577 1871 681 1944 γὰρ
707 1870 906 1928 αὐτίκα
931 1879 1091 1929 τοῦτο
1117 1881 1413 1947 βροτοῖσιν,

319 1960 379 2012 ἐν
405 1958 466 2012 δὲ
490 1956 672 2031 χρόνῳ
698 1960 914 2013 τελέθει

320 2040 487 2112 ξηρὸν
510 2042 603 2096 καὶ
629 2039 907 2098 ὀνείδεσιν
932 2048 1168 2113 ἔγκειται
1195 2044 1396 2116 δόμων.

318 2125 526 2181 ταύταν
548 2123 719 2199 ᾔνεσα
750 2124 956 2183 ταύταν

317 2212 410 2265 καὶ
433 2212 668 2282 φέρομαι
695 2212 904 2282 βιοτάν,

318 2295 492 2366 μηδὲν
517 2299 673 2360 δίκας
699 2298 797 2362 ἔξω
822 2298 1018 2368 κράτος
1045 2300 1105 2353 ἐν
1129 2298 1398 2370 θαλάμοις

313 2379 408 2435 ’καὶ
433 2379 590 2435 πόλει
615 2379 911 2437 δύνασθαι.

317 2455 361 2517 a?
384 2466 550 2535 γέρον
573 2469 831 2536 Αίακίδα,

317 2554 582 2620 πείθομαι
605 2551 694 2604 καὶ
721 2549 828 2605 σὺν
850 2558 1166 2608 Λαπίθαισί
1184 2571 1245 2609 σε
1269 2549 1609 2627 Κενταύροις

615 2646 698 2691 766
721 2671 786 2677 —
806 2648 889 2695 777
917 2668 985 2690 Ξ
1011 2650 1096 2696 778
1115 2670 1181 2677 -
1200 2651 1284 2697 789

1703 1127 1784 1171 770

1700 1550 1780 1594 775

1700 1807 1784 1852 780

1700 2144 1781 2189 785

1692 2483 1776 2529 790
