2022 3126
789 76 1038 122 EKABH
1637 67 1732 120 157

275 219 425 286 δέξαι
438 219 569 289 χοάς
584 239 692 287 μου
711 218 876 271 τάσδε
903 221 1266 286 κηλητηρίους
1655 226 1738 270 535

273 309 491 374 νεκρῶν
518 299 796 372 ἀγωγούς·
828 300 958 355 ἐλθὲ
984 297 1037 354 δ’
1069 297 1141 364 ὧς
1166 306 1293 371 πίῃς
1317 300 1489 370 μέλαν

275 387 442 459 κόρης
467 384 768 457 ἀκραιφνὲς
791 380 930 454 αἷμ’,
958 380 989 439 ὅ
1015 401 1101 439 σοι
1127 383 1460 454 δωρούμεθα

272 471 499 544 στρατός
522 493 580 526 τε
603 467 781 540 κάγώ·
816 466 1128 540 πρευμενὴς
1153 465 1205 523 δ’
1234 466 1364 539 ἡμῖν
1389 473 1558 540 γενοῦ

275 562 445 612 λῦσαί
462 578 520 610 τε
544 554 796 626 πρύμνας
819 555 912 608 καὶ
933 553 1300 624 χαλινωτήρια

275 646 421 696 νεῶν
445 639 540 704 δὸς
563 636 695 710 ἡμῖν
719 643 1066 710 πρευμενοῦς
1093 634 1138 692 τ’
1169 634 1262 692 ἀπ’
1286 635 1448 694 Ἰλίου
1658 652 1740 695 540

274 725 476 781 νόστου
499 724 762 794 τυχόντας
787 722 992 787 πάντας
1018 727 1092 786 εἰς
1117 722 1331 792 πάτραν
1355 730 1560 794 μολεῖν.

273 807 495 865 τοσαῦτ’
524 811 696 877 ἔλεξε,
726 813 830 873 πᾶς
855 805 906 863 δ’
927 806 1198 878 ἐπηύξατο
1222 808 1464 878 στρατός.

275 891 369 949 εἶτ’
399 892 752 965 άμφίχρυσον
779 892 1071 964 φάσγανον
1093 891 1280 962 κώπης
1304 891 1494 964 λαβὼν

274 981 476 1045 ἐξεῖλκε
500 984 729 1048 κολεοῦ,
760 977 952 1048 λογάσι
979 974 1031 1032 δ’
1055 974 1321 1048 Ἀργείων
1346 982 1583 1047 στρατοῦ

268 1070 515 1128 νεανίαις
540 1068 732 1119 ἔνευσε
756 1064 1044 1133 παρθένον
1068 1068 1274 1133 λαβεῖν.
1659 1074 1740 1117 545

269 1145 303 1219 ἢ
331 1145 385 1203 δ’
417 1172 488 1212 ως
515 1148 771 1219 ἐφράσθη
788 1191 802 1218 ,
829 1144 980 1203 τόνδ’
1011 1146 1283 1218 ἐσήμηνεν
1308 1147 1499 1217 λόγον·

273 1234 314 1287 03
339 1256 440 1303 την
464 1231 600 1304 ἐμὴν
624 1234 922 1303 πέρσαντες
940 1229 1177 1331 Ἀργεῖοι
1201 1232 1380 1300 πόλιν,

266 1321 475 1374 ἑκοῦσα
499 1317 753 1388 θνήσκω·
784 1317 857 1388 μή
881 1340 961 1381 τις
986 1313 1188 1387 άψηται
1215 1314 1375 1387 χροὸς

269 1399 506 1472 τούμοῦ·
541 1405 753 1474 παρέξω
778 1400 882 1472 γὰρ
909 1404 1078 1473 δέρην
1104 1398 1425 1471 εὐκαρδίως.

271 1489 577 1557 ἐλευθέραν
603 1489 668 1542 δέ
688 1484 766 1557 μ’,
794 1483 866 1550 ὡς
891 1488 1161 1557 ἐλευθέρα
1185 1485 1362 1555 θάνω,
1657 1500 1740 1541 550

274 1569 411 1642 πρὸς
435 1577 588 1626 θεῶν
615 1572 878 1643 μεθέντες
901 1568 1143 1626 κτείνατ’
1161 1589 1173 1599 ·
1207 1572 1268 1625 ἐν
1291 1583 1537 1642 νεκροῖσι
1562 1569 1666 1641 γὰρ

274 1655 447 1726 δούλη
473 1662 778 1727 κεκλῆσθαι
803 1657 1016 1727 βασιλὶς
1041 1647 1163 1710 οῧσ’
1193 1655 1538 1726 αἰσχύνομαι.

270 1742 391 1795 λαοὶ
417 1738 469 1795 δ’
500 1740 915 1811 ἐπερρόθησαν,
936 1738 1292 1811 Ἀγαμέμνων
1316 1737 1366 1794 τ’
1395 1737 1529 1805 ἅναξ

273 1824 425 1880 εἶπεν
450 1835 706 1896 μεθεῖναι
732 1827 1020 1895 παρθένον
1042 1830 1303 1888 νεανίαις.
1655 1838 1739 1881 554

270 1906 432 1965 κάπεὶ
456 1907 573 1965 τόδ’
604 1909 894 1981 εἰσήκουσε
920 1914 1204 1965 δεσποτῶν
1227 1916 1371 1979 ἔπος,

268 2000 519 2065 λαβοῦσα
546 1996 788 2060 πέπλους
812 1997 864 2060 ἐξ
891 1991 1062 2065 άκρας
1088 1997 1361 2065 ἐπωμίδος

270 2081 461 2151 ἔρρηξε
485 2080 717 2151 λαγόνος
742 2085 817 2145 εἰς
840 2082 1008 2150 μέσον
1033 2077 1162 2150 παρ’
1194 2077 1465 2151 ὀμφαλόν,

268 2163 509 2233 μαστούς
531 2162 579 2219 τ’
609 2169 780 2231 ἔδειξε
803 2166 1002 2235 στέρνα
1025 2161 1088 2219 θ’
1118 2161 1190 2229 ὡς
1214 2162 1520 2236 ἀγάλματος
1654 2177 1738 2221 560

269 2247 558 2319 κάλλιστα,
585 2251 679 2304 και
702 2258 937 2304 καθεῖσα
963 2247 1100 2319 πρὸς
1124 2263 1289 2320 γαῖαν
1311 2250 1451 2320 γόνυ

271 2334 417 2398 ἔλεξε
442 2333 667 2389 πάντων
689 2335 1127 2405 τλημονέστατον
1152 2334 1348 2404 λόγον·

270 2417 423 2487 ἰδού,
450 2415 569 2474 τόδ’
600 2424 651 2474 εἰ
669 2442 770 2489 μεν
794 2420 1050 2489 στέρνον,
1080 2441 1120 2472 ω
1146 2424 1358 2489 νεανία,

268 2508 454 2557 παίειν
478 2512 786 2574 προθυμεῖ,
813 2516 1042 2572 παῖσον,
1071 2508 1122 2557 εἰ
1143 2499 1195 2558 δ’
1224 2500 1324 2558 υπ’
1354 2501 1557 2575 αυχένα

269 2586 505 2658 χρῄζεις,
533 2587 761 2660 πάρεστι
788 2587 978 2659 λαιμὸς
1005 2584 1271 2659 εὐτρεπὴς
1297 2585 1408 2643 ὅδε.
1653 2597 1734 2641 560

267 2786 311 2813 οι
329 2769 376 2813 δ’
396 2787 459 2820 ως
474 2768 655 2827 τάχιστ’
673 2769 886 2829 ἤκουσαν
901 2769 1105 2828 ὑστάτην
1124 2768 1234 2827 ὄπα,
1651 2776 1735 2818 555

263 2840 494 2894 μεθῆκαν,
513 2831 657 2896 οὗπερ
676 2841 755 2884 καὶ
772 2839 986 2897 μέγιστον
1007 2841 1068 2896 ήν
1088 2838 1271 2894 κράτος.
