2022 3126
193 64 261 113 24
854 62 1221 109 ΑΛΚΗΣΤΙΣ

383 207 492 262 σὺν
517 202 570 261 δ’
601 207 992 275 ἐποιμαίνοντο
1016 210 1158 277 χαρᾷ
1184 204 1396 274 μελέων
1422 208 1615 273 βαλιαί
1645 225 1701 259 τε
1725 203 1858 276 λύγ·

951 311 1061 359 κες,
1660 285 1778 344 ἀντ.

384 383 484 448 ἔβα
509 377 570 431 δὲ
596 369 1082 443 λιποῦσ”Όθρυος
1106 374 1292 429 νάπαν
1317 372 1561 428 λεόντων
1775 385 1865 430 580

384 458 419 517 ἆ
445 457 714 531 δαφοινὸς
739 463 854 511 ι’λα·

381 546 613 619 χόρευσε
640 540 691 598 δ’
721 539 864 612 ἀμφὶ
889 539 992 595 σάν
1017 541 1280 613 κιθάραν,

384 637 587 702 Φοῖβε,
614 625 967 697 ποικιλόθριξ

383 717 583 792 νεβρὸς
610 712 903 785 ὑψικόμων
930 714 1106 784 πέραν
1782 725 1864 769 585

382 800 640 877 βαίνουσ’
679 805 876 856 ε’λατᾶν
901 804 1101 874 σφυρῷ
1127 796 1344 873 κούφῳ,

385 885 639 962 χαίρουσ’
677 884 917 958 εὔφρονι
947 889 1148 957 μολπᾷ.

385 973 577 1047 τοιγὰρ
607 969 1066 1042 πολυμηλοτάταν
1665 987 1780 1038 στρ,

383 1064 571 1118 ἑστίαν
596 1064 740 1114 οἰκεῖ
759 1054 908 1125 παρὰ
932 1061 1234 1110 καλλίναον

385 1151 619 1218 Βοιβίαν
644 1149 846 1214 λίμναν
862 1160 872 1169 ·
900 1138 1119 1212 ἀρότοις
1145 1139 1206 1195 δὲ
1232 1145 1376 1210 γυᾶν
1785 1153 1867 1197 590

383 1234 476 1289 καὶ
501 1235 711 1286 πεδίων
737 1228 997 1291 δαπέδοις

386 1315 520 1389 ὅρον
550 1313 691 1387 ἀμφὶ
716 1314 817 1386 μὲν
844 1309 1034 1367 ἀελίου
1060 1316 1338 1382 κνεφαιάν

386 1402 718 1460 ἶππόστασιν
743 1399 946 1468 αἰθέρα
971 1395 1072 1451 τάν
1099 1401 1413 1451 Μολοσσῶν
1461 1405 1485 1434 *
1511 1402 1538 1436 ¹⁸²
1564 1404 1591 1434 *¹
1632 1400 1866 1465 τίθεται,

392 1488 622 1545 πόντιον
656 1483 706 1540 δ’
736 1479 1009 1554 Αἰγαίων’
1041 1477 1117 1538 ἐπ’
1147 1478 1320 1536 ἀκτὰν
1784 1492 1867 1536 595

387 1572 653 1645 ἀλίμενον
677 1575 897 1641 Πηλίου
923 1566 1203 1639 κρατύνει.

387 1661 481 1715 καὶ
504 1664 613 1714 νῦν
638 1657 811 1727 δόμον
843 1651 1153 1725 ἀμπετάσας
1667 1646 1784 1705 ἀντ.

389 1747 579 1812 δέξατο
607 1745 790 1809 ξεῖνον
816 1743 1024 1813 νοτερῷ
1050 1735 1333 1812 βλεφάρῳ,

390 1837 485 1895 τᾶς
511 1835 674 1900 φίλας
699 1831 909 1881 κλαίων
933 1821 1137 1895 ἀλόχου
1161 1825 1334 1878 νέκυν
1360 1825 1419 1878 ἐν

393 1915 642 1987 δώμασιν
667 1910 969 1983 ἀρτιθανῆ·
1785 1919 1871 1963 600

393 2000 453 2058 τὸ
478 1998 584 2073 γὰρ
616 1995 838 2070 εὐγενὲς
864 1997 1156 2067 ἐκφέρεται
1180 1992 1317 2065 πρὸς
1343 1996 1498 2048 αἰδῶ.

393 2091 452 2143 ἐν
465 2098 576 2151 τοῖς
591 2082 854 2157 ἀγαθοῖσι
873 2081 935 2137 δὲ
960 2077 1123 2136 πάντ’
1154 2086 1369 2136 ἔνεστιν
1391 2083 1608 2148 σοφίας.
1636 2072 1840 2147 ἄγαμαι
1862 2094 1867 2103 ·’

393 2170 531 2245 πρὸς
557 2168 608 2226 δ’
645 2174 746 2243 ἐμᾷ
770 2172 922 2241 ψυχᾷ
947 2166 1157 2237 θάρσος
1186 2157 1346 2236 ἧσται

395 2263 634 2328 θεοσεβῆ
662 2262 819 2327 φῶτα
845 2249 1017 2308 κεδνὰ
1043 2251 1288 2323 πράξειν.
1787 2260 1869 2302 605

202 2353 325 2401 ΑΔ.
391 2340 615 2414 ἀνδρῶν
642 2346 902 2412 Φεραίων
928 2334 1162 2408 εὐμενὴς
1186 2341 1479 2407 παρουσία,

395 2429 568 2484 νέκυν
595 2428 696 2498 μὲν
720 2423 788 2498 ἥδ
799 2450 826 2497 η
853 2419 1012 2479 πάντ’
1043 2428 1237 2493 ἔχοντα
1262 2420 1567 2492 πρόσπολοι

394 2515 665 2585 φέρουσιν
692 2510 870 2582 ἄρδην
897 2514 972 2573 εἰς
997 2507 1177 2579 τάφον
1203 2530 1261 2562 τε
1285 2507 1378 2560 καὶ
1404 2503 1615 2575 πυράν·

398 2596 554 2670 ὑμεῖς
580 2597 641 2653 δὲ
665 2595 764 2669 τὴν
791 2600 1112 2663 θανοῦσαν,
1143 2590 1216 2657 ὡς
1239 2596 1532 2662 νομίζεται,

399 2679 715 2755 προσείπατ’
746 2684 1003 2748 ἐξιοῦσαν
1026 2674 1269 2748 ὑστάτην
1295 2673 1446 2731 ὁδόν.
1793 2685 1874 2728 610

210 2777 325 2827 XO.
394 2771 487 2826 καὶ
509 2768 619 2841 μὴν
644 2764 755 2840 ὁρῶ
782 2765 882 2821 σὸν
907 2764 1114 2834 πατέρα
1137 2766 1349 2836 γηραιῷ
1375 2763 1504 2816 ποδὶ

732 2864 818 2907 588
834 2884 895 2892 --
911 2859 1174 2907 596εὸ97
1191 2880 1253 2888 ·-·
1267 2859 1351 2904 605
