2022 3126
198 48 264 100 72

207 963 304 1012 TP.

208 2497 319 2546 XO.

772 50 1234 97 ΑΝΔΡΟΜΑΧΗ

389 187 648 262 ὁμιλῆσαι
677 193 802 262 δορὶ
827 191 1163 265 κλεινοτάτςο

388 279 481 332 καὶ
506 273 592 331 ἐπ’
614 273 864 349 Ἀργςόου
895 272 1059 346 δορὸς
1084 272 1281 342 ἄξενον
1303 272 1488 345 ὑγρὰν

390 364 687 432 ἐκπερᾶσαι
712 367 947 416 ποντιᾶν
968 361 1395 433 Ξυμπληγάδων

388 445 614 502 κλεινὰν
639 447 728 500 ἐπὶ
743 452 1098 516 ναυστολίαν,

385 527 586 588 Ἰλιάδα
610 554 668 586 τε
692 530 858 586 πόλιν
883 527 974 586 ὅτε
1000 532 1175 602 πάρος

393 615 688 686 εὐδόκιμος
721 615 858 678 Διὸς
891 615 996 681 ἶνις

391 700 713 773 ἀμφέβαλεν
741 701 920 775 φόνῳ,

388 786 583 843 κοινὰν
609 786 712 842 τὰν
740 783 999 841 εὔκλειαν
1025 783 1204 856 ἔχοντ’

387 871 673 944 Εὐρώπαν
697 869 1019 942 ἀφικέσθαι.

393 950 438 1013 ὦ
468 965 727 1030 φίλταται
750 970 1011 1029 γυναῖκες
1028 1000 1041 1027 ,
1070 953 1143 1022 ὥς
1167 955 1342 1013 κακὸν
1366 964 1555 1014 κακῶν

391 1044 650 1114 διάδοχον
675 1047 735 1098 ἐν
760 1039 882 1115 τῇδ’
911 1040 1088 1116 ἡμέρᾳ
1113 1042 1470 1113 πορσύνεται.

392 1131 657 1184 δέσποινα
681 1127 785 1200 γὰρ
812 1125 932 1182 κατ’
967 1127 1148 1198 οἶκον,
1174 1125 1468 1199 Ἑρμιόνην
1493 1129 1654 1199 λέγω,

395 1214 598 1286 πατρός
623 1210 672 1268 τ’
702 1217 1054 1285 ἐρημωθεῖσα
1080 1220 1315 1287 συννοίᾳ
1338 1211 1390 1269 θ’
1421 1211 1529 1284 ἅμα

394 1295 513 1354 οἷον
541 1301 812 1370 δέδρακεν
837 1304 1003 1368 ἔργον
1029 1296 1410 1370 Ἀνδρομάχην
1435 1311 1660 1354 κτανεῖν

393 1385 486 1439 καὶ
510 1389 680 1439 παῖδα
704 1383 1084 1455 βουλεύσασα,
1109 1393 1416 1440 κατθανεῖν
1440 1386 1614 1450 θέλει,

393 1470 556 1525 πόσιν
582 1472 888 1540 τρέμουσα,
914 1467 988 1540 μὴ
1014 1466 1136 1524 ἀντὶ
1161 1475 1272 1525 τῶν
1298 1471 1658 1542 δεδραμένων

391 1558 450 1610 ἐκ
477 1552 645 1610 τῶνδ’
679 1552 882 1626 ἀτίμως
909 1555 1181 1625 δωμάτων
1207 1553 1488 1628 ἆποσταλῇ

393 1636 426 1711 ἢ
451 1640 705 1713 κατθάνῃ
731 1646 1025 1696 κτείνουσα
1050 1641 1179 1705 τοὺς
1204 1639 1272 1696 οὐ
1305 1640 1407 1714 χρὴ
1433 1652 1674 1696 κτανεῖν.

392 1725 548 1796 μόλις
573 1728 639 1780 δέ
657 1749 749 1781 νιν
773 1728 1058 1781 θέλουσαν
1083 1723 1314 1799 ἆρτῆσαι
1341 1730 1512 1798 δέρην

396 1819 646 1881 εἴργουσι
673 1810 919 1882 φύλακες
945 1816 1125 1882 δμῶες
1151 1818 1210 1866 ἔκ
1234 1835 1293 1867 τε
1319 1816 1500 1878 δεξιᾶς

393 1900 523 1967 ξίφη
549 1896 1002 1967 καθαρπάζουσιν
1029 1897 1425 1968 ἐξαιρούμενοι.

394 1978 539 2035 οὕτω
566 1988 829 2052 μεταλγεῖ
847 1982 939 2036 καὶ
961 1978 1026 2036 τά
1050 1983 1184 2052 πρὶν
1211 1984 1522 2055 δεδραμένα

396 2072 604 2137 ἔγνωκε
630 2064 861 2137 πράξασ’
890 2064 958 2122 οὗ
982 2072 1178 2131 καλῶς.
1206 2066 1312 2138 ἐγώ
1338 2068 1440 2139 μὲν
1467 2058 1570 2122 οὖν

397 2152 696 2206 δέσποιναν
723 2149 969 2222 εἰ’ργουσ’
999 2149 1235 2223 ἀγχόνης
1265 2152 1483 2224 κάμνω,
1514 2157 1700 2223 φίλαι·

398 2233 553 2307 ὑμεῖς
576 2237 640 2311 δὲ
664 2242 831 2307 βᾶσαι
858 2241 1034 2292 τῶνδε
1060 2238 1330 2308 δωμάτων
1357 2244 1462 2294 ἔσω

395 2321 646 2377 θανάτου
671 2345 765 2376 νιν
791 2322 1103 2378 ἐκλύσασθε
1120 2342 1130 2351 ·
1158 2329 1270 2378 τῶν
1294 2321 1400 2395 γὰρ
1426 2321 1661 2394 ἠθάδων

395 2411 576 2476 φίλων
604 2410 723 2462 νέοι
749 2407 1013 2479 μολόντες
1070 2407 1475 2482 εὐπιθέστεροι.

392 2492 484 2547 καὶ
511 2490 621 2563 μὴν
647 2496 706 2548 ἐν
733 2501 903 2558 οἴκοις
927 2494 1262 2563 προσπόλων
1287 2491 1562 2564 ἀκούομεν

397 2574 535 2647 βοὴν
559 2575 650 2647 ἐφ’
683 2574 828 2634 οἷσιν
852 2571 1021 2649 ἦλθες
1048 2577 1394 2651 ἀγγέλλουσα
1419 2579 1508 2634 σύ.

398 2663 603 2727 δείξειν
628 2659 680 2718 δ’
711 2668 890 2719 ἔοικεν
913 2661 947 2735 ἡ
972 2661 1188 2719 τάλαιν’
1217 2661 1351 2719 ὅσον
1379 2666 1559 2719 στένει

396 2746 643 2816 πράξασα
669 2748 849 2803 δεινά·
879 2749 1147 2820 δωμάτων
1174 2747 1278 2822 γὰρ
1306 2752 1510 2822 ἐκπερᾷ

398 2831 689 2899 φεύγουσα
714 2846 898 2903 χεῖ-ρας
924 2841 1257 2899 προσπολων
1281 2833 1443 2908 πόθῳ
1469 2843 1689 2890 θανεῖν.

1784 457 1870 504 ’195

1785 1226 1869 1269 805

1789 1652 1871 1694 810

1790 2078 1873 2121 815

1788 2505 1874 2548 820
