2022 3126
88 1519 204 1569 AN.

672 89 1132 142 ΑΝΔΡΟΜΑΧΗ
1655 75 1723 125 59

259 240 400 300 τοῦτ’
429 235 541 297 ἔσθ’
571 230 781 306 ἑκάστῳ
806 235 988 301 μεῖζον
1013 224 1048 297 ἢ
1080 231 1287 297 Τροίαν
1313 226 1473 278 ἑλεῖν.

258 324 410 398 κᾶγῶ
434 323 704 392 θυγατρί,
730 314 938 388 μεγάλα
961 310 1067 383 γὰρ
1095 316 1269 380 κρίνω
1294 306 1441 373 τάδε,
1643 315 1727 359 370

261 415 451 482 λέχους
474 406 796 476 στέρεσθαι,
822 399 1102 499 σύμμαχος
1126 398 1477 462 καθίσταμαι.

261 520 326 552 τα
347 517 447 566 μεν
477 512 583 562 γαρ
612 485 749 542 αλλα
775 478 983 552 δεύτερ’
1013 477 1084 535 ἂν
1108 479 1284 550 πασχῃ
1308 493 1478 547 γυνη·

263 576 465 650 ανδρὸς
490 571 542 630 δ’
572 563 944 644 ἁμαρτανουσ’
974 563 1273 636 αμαρτάνει
1298 567 1442 632 βίον.

263 663 484 720 δούλων
509 656 561 713 6'
591 660 806 713 ἐκεῖνον
827 658 938 708 τῶν
964 653 1111 721 ε’μῶν
1136 645 1326 718 ἄρχειν
1349 641 1527 716 χρεῶν

263 750 354 805 καὶ
377 752 489 801 τῶν
520 747 739 799 ἐκείνου
762 736 892 801 τοὺς
916 732 1081 806 ἐμοὺς
1104 730 1243 804 ἡμᾶς
1266 753 1324 786 τε
1348 728 1511 797 πρός
1652 735 1734 780 375

265 839 446 906 φίλων
472 827 576 901 γὰρ
608 823 776 882 οὐδὲν
801 827 946 878 ἴδιον
980 823 1177 882 οἵτινες
1205 822 1359 887 φίλοι

265 916 450 989 ὀρθῶς
474 906 775 983 πεφύκασ’,
801 904 939 962 ἀλλὰ
966 901 1128 959 κοινὰ
1153 901 1416 972 χρήματα.

265 1004 448 1074 μένων
481 999 542 1053 δε
566 994 695 1060 τοὺς
720 991 986 1059 ἀπόντας,
1015 986 1157 1058 εἰμὴ
1183 985 1426 1056 θήσομαι

265 1084 380 1158 τᾶμ’
411 1081 482 1149 ῶς
507 1081 727 1152 αριστα,
755 1075 969 1149 φαῦλός
996 1079 1105 1144 εἰμι
1132 1069 1235 1127 κοῦ
1262 1069 1452 1140 σοφός.

267 1168 376 1228 ἀλλ’
407 1172 668 1235 ἐξανίστω
694 1159 863 1220 τῶνδ’
894 1158 1217 1228 ἀνακτόρων
1239 1161 1401 1219 θεᾶς·
1659 1162 1741 1205 380

269 1254 341 1322 ῶς
364 1251 436 1326 ἢν
459 1253 640 1324 θάνῃς
665 1250 764 1318 σύ,
792 1260 918 1311 παῖς
946 1241 1031 1300 ὅδ’
1061 1241 1324 1312 ἐκφεύγει
1349 1238 1540 1310 μόρον,

268 1347 372 1398 σοῦ
399 1336 451 1395 δ’
481 1336 548 1394 οὐ
572 1333 849 1403 θελούσης
873 1337 1177 1386 κατθανεῖν
1201 1326 1363 1380 τόνδε
1388 1326 1581 1378 κτενῶ.

271 1432 431 1482 δυοῖν
457 1420 508 1478 δ’
540 1420 751 1491 ἀναγκη
782 1418 1002 1488 θατέρῳ
1026 1421 1208 1469 λιπεῖν
1233 1416 1375 1482 βίον

276 1520 448 1581 οἴμοι,
475 1528 680 1576 πικραν
707 1503 986 1609 κλήρωσιν
1010 1502 1224 1567 αίρεσίν
1249 1497 1310 1550 τέ
1328 1516 1421 1565 μοι

274 1602 401 1667 βίου
427 1597 723 1661 καθίστης,
748 1589 842 1642 καὶ
870 1582 1111 1654 λαχοῦσα
1142 1579 1185 1652 γ’
1216 1577 1387 1634 ἀθλία
1662 1584 1745 1629 385

276 1681 369 1736 καὶ
391 1676 464 1750 μὴ
491 1680 733 1747 λαχοῦσα
758 1667 1031 1740 δυστυχὴς
1055 1672 1409 1735 καθίσταμαι.

277 1758 320 1820 ῶ
344 1761 553 1835 μεγαλα
578 1775 843 1830 πρασσων
869 1759 1044 1817 αἰτίας
1068 1755 1265 1822 μικρᾶς
1290 1750 1442 1819 πέρι,

276 1853 476 1905 πιθοῦ·
504 1852 561 1900 τί
580 1848 789 1906 καίνεις
813 1837 883 1912 μ’·
871 1883 884 1906 ,
911 1836 1034 1893 ἀντὶ
1058 1841 1187 1901 τοῦ;
1215 1840 1383 1889 ποίαν
1409 1831 1572 1888 πόλιν

279 1932 612 2004 προύδωκας
638 1934 762 1984 τίνα
786 1931 901 1982 σῶν
926 1929 1158 1979 ἔκτανον
1183 1923 1401 1974 παίδων
1426 1915 1560 1987 ἐγῶ·
1548 1958 1562 1982 ,

279 2031 441 2074 ποῖον
466 2013 517 2071 δ’
548 2021 757 2085 ἔπρησα
784 2006 936 2111 δῶμ·
925 2052 937 2075 ,
965 2005 1269 2078 ε’κοιμήθην
1295 2009 1390 2076 βία
1666 2009 1752 2053 390

280 2102 388 2159 σὺν
413 2099 755 2157 δεσπόταισι·
786 2091 897 2168 κᾷτ’
929 2090 1026 2163 ἔμ’,
1058 2089 1126 2147 οὐ
1151 2102 1338 2145 κεῖνον
1366 2097 1575 2149 κτενεῖς

285 2187 383 2243 τὸν
410 2195 588 2242 αἴτιον
612 2178 804 2250 τῶνδ’,
833 2177 971 2234 ἀλλὰ
995 2176 1095 2247 τὴν
1123 2172 1298 2261 αρχὴν
1323 2170 1484 2243 ἀφεις

283 2269 420 2344 πρὸς
444 2269 546 2341 τὴν
569 2264 833 2336 τελευτὴν
857 2261 1097 2333 ὑστέραν
1123 2261 1299 2316 οὖσαν
1325 2259 1510 2329 φέρει·
1499 2298 1512 2320 ,

286 2365 433 2428 οἴμοι
456 2360 644 2410 κακῶν
667 2347 858 2419 τῶνδ’,
886 2349 927 2403 ῶ
953 2342 1158 2403 τάλαιν’
1194 2342 1292 2414 ε’μὴ
1324 2346 1546 2412 πατρίς,

286 2439 357 2507 ῶς
382 2437 539 2496 δεινὰ
564 2437 777 2507 πάσχω
839 2439 897 2489 τί
916 2434 982 2488 δέ
1002 2454 1069 2503 με
1093 2431 1185 2485 καὶ
1208 2439 1390 2483 τεκεῖν
1415 2429 1578 2496 ἐχρῆν
1675 2432 1756 2476 395

288 2524 460 2597 αχθος
486 2521 524 2579 τ’
554 2519 630 2578 ἐπ’
659 2519 822 2592 αχθει
844 2522 987 2593 τῷδε
1013 2515 1366 2588 προσθέσθαι
1392 2512 1658 2566 διπλοῦν·
1646 2547 1660 2572 ,

291 2607 426 2681 ἀτὰρ
451 2614 508 2665 τί
526 2613 697 2663 ταῦτα
722 2602 980 2675 δύρομαι,
1005 2599 1069 2655 τὰ
1095 2596 1147 2655 δ’
1177 2601 1236 2654 ἐν
1261 2597 1424 2652 ποσὶν

291 2691 393 2750 οῦκ
418 2692 676 2763 ἐξικμάζω
700 2691 792 2745 καὶ
824 2692 1104 2759 λογίζομαι
1131 2683 1301 2749 κακάς

294 2775 409 2848 ἥτις
432 2776 648 2848 σφαγὰς
670 2770 1037 2846 μὲνἝκτορος
1059 2766 1427 2840 τροχηλάτους

294 2866 549 2916 κατεῖδον
576 2864 805 2926 οἰκτρῶς
828 2855 867 2912 τ’
893 2854 1066 2911 Ἴλιον
1089 2850 1459 2923 πυρούμενον,
1673 2852 1759 2895 400
