2022 3126
242 88 344 140 330

641 88 979 134 ΗΡΑΚΛΗΣ
1008 88 1153 134 MAI
1159 87 1512 135 ΝΟΜΕΝΟΣ

434 230 566 300 ἐροῦ
589 223 698 282 τίν’
727 222 877 297 ἄνδρ’
906 223 1131 296 ἄριστον
1155 228 1466 295 ἐγκρίνειαν
1492 220 1561 279 ἂν

431 309 466 383 ἦ
491 309 558 366 οὗ
583 314 754 366 παῖδα
781 308 879 365 τὸν
903 310 1052 380 ἐμόν,
1083 304 1149 365 ὂν
1175 308 1244 364 σὺ
1272 308 1378 379 φὴς
1404 308 1544 364 εἶναι
1570 312 1771 366 δοκεῖν.

428 402 659 467 Δίρφυν
684 392 736 450 δ’
766 397 984 463 ἐρωτῶν
1008 391 1043 464 ἥ
1067 389 1111 449 σ’
1137 391 1323 465 ἔθρεψ’
1345 390 1654 464 Ἀβαντίδα,
1815 407 1894 452 185

434 478 537 536 οὐκ
563 477 632 535 ἄν
661 476 713 534 ‹5'
741 481 1106 534 ἐπαινέσειεν·
1147 475 1214 533 οὐ
1238 477 1345 550 γὰρ
1372 475 1496 533 ἔσθ’
1523 475 1663 534 ὅπου

432 565 638 621 ἐσθλόν
661 587 713 618 τι
738 563 943 635 δράσας
967 559 1192 633 μάρτυρ’
1222 558 1291 617 ἂν
1315 562 1503 633 λάβοις
1528 562 1754 636 πάτραν.

428 648 488 705 τὸ
514 649 802 719 πάνσοφον
825 652 858 703 δ
865 645 876 665 ’
908 645 1146 718 εὕρημα,
1171 647 1369 718 τοξήρη
1394 647 1585 718 σάγην,

428 736 631 806 μέμφει
646 751 656 761 ·
690 732 877 788 κλύων
898 738 1007 787 νῦν
1030 727 1158 786 τάπ’
1187 731 1322 802 ἐμοῦ
1345 730 1519 803 σοφὸς
1541 737 1726 803 γενοῦ.

431 816 571 890 ἀνὴρ
598 815 820 888 ὁπλίτης
844 815 1043 881 δοῦλός
1067 819 1179 872 ἐστι
1203 821 1315 871 τῶν
1341 812 1527 871 ὅπλων
1816 828 1897 873 190

429 899 533 956 κάν
561 913 701 957 τοῖσι
731 909 1123 971 συνταχθεῖσιν
1154 894 1279 955 οὖσι
1308 897 1379 970 μὴ
1412 895 1643 967 ἀγαθοῖς

429 982 595 1050 αὐτὸς
618 987 855 1056 τέθνηκε
881 988 1060 1057 δειλίᾳ
1083 989 1148 1056 τῇ
1171 989 1283 1038 τῶν
1308 985 1489 1053 πέλας,

431 1069 683 1143 θραύσας
712 1092 771 1125 τε
794 1069 998 1140 λόγχην
1023 1065 1126 1123 οῦκ
1152 1073 1261 1138 ἔχει
1285 1074 1359 1141 τῷ
1389 1068 1597 1139 σώματι

432 1154 682 1210 θάνατον
707 1152 928 1225 ἀμῦναι,
955 1160 1087 1224 μίαν
1112 1159 1249 1223 ἔχων
1276 1149 1450 1223 ἀλκὴν
1475 1153 1646 1224 μόνον
1662 1172 1672 1182 ·

435 1236 555 1295 ὅσοι
580 1239 642 1294 δὲ
665 1238 837 1305 τόξοις
865 1235 993 1308 χεῖρ’
1024 1243 1244 1307 ἔχουσιν
1271 1234 1550 1308 εὔστοχον,
1818 1251 1898 1294 195

434 1328 495 1380 ἓν
519 1324 619 1395 μὲν
643 1321 702 1378 τὸ
729 1329 957 1397 λῷστον,
988 1327 1223 1394 μυρίους
1249 1320 1466 1387 οἰστούς
1493 1319 1651 1394 ἀφεὶς

434 1406 618 1472 ἄλλοις
643 1406 703 1463 τὸ
731 1413 885 1477 σῶμα
911 1407 1099 1478 ῥύεται
1125 1405 1197 1478 μὴ
1221 1415 1541 1477 κατθανεῖν,

435 1490 560 1557 ἑκάς
584 1490 636 1548 δ’
667 1490 919 1564 ἀφεστώς
944 1497 1238 1563 πολεμίους
1264 1488 1529 1562 ἀμύνεται

432 1584 665 1649 τυφλοῖς
689 1574 934 1648 ὁρῶντας
959 1575 1193 1641 οὐτάσας
1216 1576 1524 1647 τοξεύμασι,

434 1661 495 1718 τὸ
523 1663 680 1734 σῶμά
707 1659 758 1717 τ’
786 1659 853 1724 οὐ
886 1666 1082 1718 δίδωσι
1111 1674 1223 1726 τοῖς
1248 1664 1536 1731 ἐναντίοις,
1816 1675 1900 1716 200

436 1750 495 1803 ἐν
521 1744 851 1820 εὐφυλάκτῳ
876 1744 930 1802 δ’
959 1750 1097 1803 ἐστί·
1124 1752 1285 1802 τοῦτο
1311 1743 1363 1801 δ’
1392 1749 1452 1802 ἐν
1476 1746 1618 1819 μάχῃ

436 1831 616 1903 σοφὸν
639 1832 898 1903 μάλιστα,
926 1837 1144 1903 δρῶντα
1168 1836 1463 1902 πολεμίους
1486 1836 1666 1896 κακῶς

435 1917 628 1984 σώζειν
651 1916 710 1973 τὸ
737 1922 917 1987 σῶμα,
945 1915 1017 1987 μὴ
1033 1919 1093 1971 ἐκ
1115 1915 1280 1987 τύχης
1305 1912 1698 1987 ώρμισμένους.

433 2002 590 2074 λόγοι
613 2002 716 2072 μὲν
739 2004 856 2056 οἵδε
879 2013 1019 2056 τοῖσι
1043 2013 1159 2064 σοῖς
1184 2003 1440 2055 ἐναντίαν

430 2081 678 2156 [γνώμην
700 2090 886 2156 ἔχουσι
908 2093 1022 2141 τών
1049 2085 1416 2140 καθεστώτων
1437 2087 1590 2152 πέρι].
1817 2097 1901 2139 205

435 2175 634 2236 παῖδας
659 2171 720 2226 δὲ
745 2168 812 2240 δὴ
838 2176 895 2224 τί
914 2167 1104 2225 τούσδ’
1133 2166 1452 2225 ἀποκτεῖναι
1475 2171 1688 2235 θέλεις;

435 2262 491 2310 τί
511 2253 563 2311 σ’
592 2253 699 2311 οἵδ’
730 2259 998 2325 ἐδρασαν;
1027 2257 1088 2310 ἕν
1116 2259 1174 2309 τί
1190 2250 1241 2308 σ’
1273 2250 1512 2325 ἡγοῦμαι
1537 2249 1730 2324 σοφόν,

437 2345 487 2394 εί
507 2345 618 2395 τῶν
643 2337 883 2413 ἀρίστων
910 2335 1125 2409 τᾶκγον’
1158 2335 1322 2403 αὐτὸς
1348 2334 1426 2393 ών
1450 2336 1616 2403 κακὸς

439 2426 707 2490 δέδοικας.
747 2421 885 2479 ἀλλὰ
908 2419 1071 2479 τοῦθ’
1099 2419 1245 2493 ὅμως
1268 2420 1399 2494 ἡμῖν
1422 2423 1583 2494 βαρύ,

436 2515 487 2564 εἰ
508 2514 715 2574 δειλίας
739 2514 836 2579 σῆς
858 2505 1276 2579 κατθανούμεθ’
1308 2511 1517 2580 εἵνεκα,
1818 2519 1900 2561 210

436 2591 466 2648 ὂ
489 2600 628 2665 χρῆν
652 2591 704 2648 σ’
732 2590 826 2664 ὑφ’
852 2590 1009 2664 ἡμῶν
1032 2597 1143 2647 τῶν
1169 2589 1477 2663 ἀμεινόνων
1500 2599 1721 2661 παθεῖν,

439 2684 489 2734 εἰ
507 2677 649 2743 Ζεὺς
674 2683 888 2742 δικαίας
913 2676 1055 2747 εἶχεν
1081 2682 1156 2741 εἰς
1179 2674 1317 2748 ἡμᾶς
1341 2677 1563 2747 φρένας.

439 2768 490 2818 εἰ
511 2759 564 2818 δ’
593 2755 696 2819 οῦν
722 2769 865 2834 ἔχειν
894 2767 993 2833 γῆς
1016 2766 1262 2832 σκῆπτρα
1285 2756 1443 2831 τῆσδ’
1470 2756 1634 2823 αὐτὸς
1657 2759 1857 2828 θέλεις,

438 2852 601 2903 ἔασον
624 2844 762 2919 ἡμᾶς
786 2843 1039 2918 φυγάδας
1067 2849 1311 2912 ἐξελθεῖν
1334 2844 1560 2915 χθονός·
