2022 3126
237 922 351 972 ΗΡ.

658 91 998 138 ΗΡΑΚΛΗΣ
1022 92 1169 137 MAI
1173 92 1221 138 N
1225 91 1335 138 OM
1341 92 1530 138 ΕΝΟΣ

425 240 681 290 θυσίαισι
706 238 951 288 λαΐνοισί
971 229 1020 285 τ’
1050 232 1424 303 ἐξογκώμασιν

422 327 602 391 τίμιον
626 318 811 384 άνάξει
838 314 966 372 πᾶσ’
988 313 1306 387 Ἀθηναίων
1330 317 1503 381 πόλις.

424 404 590 469 καλὸς
614 402 718 475 γὰρ
743 400 925 466 ἆστοῖς
949 403 1221 472 στέφανος
1236 399 1512 473 Ἑλλήνων
1535 399 1646 458 ὕπο

424 486 584 560 ἄνδρ’
614 486 821 544 ἐσθλὸν
845 484 1202 559 ὠφελοῦντας
1227 485 1476 551 εὐκλείας
1500 500 1702 557 τυχεῖν.
1788 503 1895 549 1335

425 572 576 645 κάγῶ
602 574 763 645 χάριν
787 590 875 628 σοι
897 577 992 643 τῆς
1017 573 1148 642 ἐμῆς
1173 577 1444 645 σωτηρίας

425 657 581 730 τήνδ’
613 656 900 713 ἀντιδώσω
917 676 928 685 ·
963 661 1071 711 νῦν
1097 655 1200 727 γὰρ
1227 656 1277 712 εἷ
1297 669 1477 728 χρεῖος
1504 663 1702 726 φίλων.

425 746 570 811 [θεοὶ
595 741 646 798 δ’
682 741 815 799 ὅταν
841 747 1099 813 τιμῶσιν,
1131 739 1300 798 οὐδὲν
1326 747 1416 797 δεῖ
1437 747 1643 811 φίλων·

427 827 545 894 ἅλις
571 828 674 900 γὰρ
701 825 728 884 ὁ
754 826 886 893 θεὸς
914 823 1176 897 ῶφελῶν,
1204 823 1337 882 ὅταν
1361 829 1540 898 θέλῃ]

421 923 592 985 οἴμοι·
637 912 886 985 πάρεργά
930 935 1013 967 τοι
1057 909 1180 967 τάδ’
1209 909 1320 967 ἔστ’
1349 915 1495 983 ἐμῶν
1525 918 1728 966 κακῶν.
1790 925 1898 968 1340

429 998 533 1070 ἐγώ
561 999 622 1054 δὲ
645 996 774 1063 τούς
799 996 972 1062 θεοὺς
999 993 1129 1052 οὔτε
1154 994 1338 1068 λέκτρ’
1361 994 1396 1052 οἳ
1418 995 1490 1068 μὴ
1519 999 1679 1068 θέμις

426 1087 677 1155 στέργειν
700 1090 901 1154 νομίζω
917 1126 930 1153 ,
959 1083 1131 1153 δεσμά
1155 1079 1202 1137 τ’
1232 1083 1481 1149 ἐξάπτειν
1503 1094 1689 1152 χεροῖν

428 1167 547 1225 οὔτ’
575 1166 780 1240 ἠξίωσα
805 1165 1014 1224 πώποτ’
1052 1165 1180 1223 οὔτε
1205 1174 1479 1239 πείσομαι,

428 1252 549 1310 οὐδ’
581 1251 752 1309 ἄλλον
778 1251 951 1308 ἄλλον
977 1253 1251 1323 δεσπότην
1276 1254 1603 1324 πεφυκέναι.

430 1344 603 1395 δεῖται
629 1337 733 1411 γὰρ
759 1335 787 1394 ὁ
814 1337 969 1407 θεός,
998 1346 1150 1406 εἴπερ
1178 1335 1288 1392 ἔστ’
1318 1335 1504 1408 ὀρθῶς
1527 1336 1675 1404 θεός,
1792 1349 1899 1392 1345

432 1422 688 1490 οὐδενός·
726 1422 933 1478 ἀοιδῶν
958 1427 1074 1478 οἵδε
1107 1423 1369 1494 δύστηνοι
1395 1423 1563 1492 λόγοι.

429 1509 744 1581 ἐσκεψάμην
771 1509 831 1564 δὲ
855 1515 1053 1580 καίπερ
1079 1511 1138 1563 ἐν
1161 1521 1414 1563 κακοῖσιν
1439 1504 1534 1576 ῶν,

431 1594 503 1666 μὴ
530 1600 744 1651 δειλίαν
772 1591 927 1665 ὄφλω
955 1590 1062 1649 τιν’
1092 1591 1334 1649 ἐκλιπῶν
1359 1593 1513 1663 φάος.

428 1693 543 1745 ταῖς
574 1694 884 1751 συμφοραῖς
912 1683 1014 1750 γὰρ
1046 1680 1196 1746 ὅστις
1229 1681 1331 1750 οὐχ
1364 1680 1687 1749 ὑφίσταται,

423 1766 544 1824 οὐδ’
577 1765 781 1836 ἀνδρὸς
806 1763 874 1822 ἂν
901 1764 1132 1822 δύναιθ’
1159 1767 1467 1838 ὑποστῆναι
1491 1769 1648 1838 βέλος
1787 1777 1895 1820 1350

422 1854 840 1924 ἐγκαρτερήσων
863 1852 1138 1908 θάνατον·
1167 1852 1275 1923 εἶμι
1302 1850 1354 1907 δ’
1386 1857 1460 1917 εἰς
1485 1851 1646 1907 πόλιν

423 1938 524 2009 τὴν
548 1937 652 2009 σὴν
677 1935 839 2008 χάριν
863 1961 921 1994 τε
943 1943 1151 2009 μυρίαν
1178 1937 1375 2006 δώρων
1401 1943 1519 2006 ἔχω.

425 2021 559 2093 ἀτὰρ
585 2023 774 2079 πόνων
799 2020 867 2093 δὴ
894 2029 1111 2094 μυρίων
1137 2021 1473 2093 ἐγευσάμην·

425 2101 504 2163 ῶν
529 2105 648 2163 οὔτ’
679 2105 914 2162 ἀπεῖπον
940 2104 1108 2162 οὐδὲν
1134 2104 1255 2162 οὔτ’
1285 2104 1382 2162 ἀπ’
1411 2104 1670 2177 ὀμμάτων

426 2196 616 2260 ἔσταξα
644 2192 848 2263 πηγάς,
877 2189 1000 2247 οὐδ’
1029 2187 1097 2246 ἂν
1124 2190 1310 2266 ᾠόμην
1336 2192 1466 2247 ποτὲ
1788 2201 1894 2244 1355

425 2284 501 2343 είς
524 2274 687 2333 τοῦθ’
719 2280 961 2346 ἱκέσθαι,
993 2274 1193 2346 δάκρυ’
1225 2274 1319 2332 ἀπ’
1349 2274 1607 2348 ὀμμάτων
1631 2281 1837 2346 βαλεῖν.

424 2370 532 2418 νῦν
558 2359 610 2418 δ’
648 2359 719 2427 ῶς
745 2368 890 2418 ἔοικε
914 2367 979 2434 τῇ
1003 2362 1139 2434 τύχῃ
1166 2364 1515 2417 δουλευτέον.

429 2447 567 2503 εἷεν·
595 2449 808 2519 γεραιέ,
835 2446 928 2511 τὰς
955 2446 1083 2516 ἐμὰς
1110 2446 1291 2518 φυγὰς
1318 2444 1467 2520 ὁρᾷς,

426 2530 558 2606 ὁρᾷς
581 2533 644 2588 δὲ
669 2537 887 2588 παίδων
912 2529 1044 2588 ὄντα
1069 2529 1125 2602 μ’
1159 2530 1442 2602 αὐθέντην
1467 2535 1614 2601 ἐμῶν

429 2617 522 2683 δὸς
546 2618 747 2673 τούσδε
773 2618 964 2690 τύμβῳ
988 2619 1080 2671 καὶ
1104 2624 1449 2688 περίστειλον
1473 2613 1708 2684 νεκροὺς
1784 2625 1897 2669 1360

425 2702 713 2773 δακρύοισι
737 2709 936 2773 τιμῶν,
964 2702 1053 2772 ἐμὲ
1077 2701 1180 2772 γὰρ
1206 2699 1308 2757 οὐκ
1333 2704 1395 2775 ἐᾷ
1417 2699 1607 2771 νόμος·

427 2786 562 2852 πρὸς
587 2785 769 2857 στέρν’
800 2790 1011 2857 ἐρείσας
1037 2789 1199 2858 μητρὶ
1225 2786 1357 2851 δούς
1381 2783 1429 2841 τ’
1459 2789 1512 2850 ἐς
1536 2782 1792 2855 ἀγκάλας,
