2022 3126
210 109 311 161 436
832 115 1253 162 ΙΠΠΟΛΥΤΟΣ

405 254 643 325 Θησεύς,
671 251 886 325 ἄπειμι·
920 267 1048 324 σῖγα
1074 252 1126 310 δ’
1155 256 1349 325 ἕξομεν
1372 255 1562 327 στόμα.
1789 269 1872 315 660

401 339 673 410 θεάσομαι
695 339 757 394 δὲ
780 337 887 394 σὺν
911 337 1115 408 πατρὸς
1137 337 1325 409 μολών
1349 342 1480 395 ποδὶ

398 429 513 489 πῶς
537 447 629 478 νιν
654 423 922 495 προσόψει
946 425 1039 479 καὶ
1064 422 1134 478 σύ
1159 426 1253 479 καὶ
1280 426 1544 480 δέσποινα
1569 424 1658 496 σή·

396 514 490 579 τῆς
514 514 610 578 σῆς
634 509 697 564 δὲ
720 508 920 580 τόλμης
949 517 1161 579 εἴσομαι
1184 511 1532 580 γεγευμένος.

399 591 640 648 όλοισθε.
666 598 844 664 μισῶν
867 590 919 648 δ’
948 590 1140 649 ούποτ’
1169 595 1626 666 ἐμπλησθήσομαι

403 691 700 748 γυναῖκας,
734 674 858 733 οὐδ’
891 686 945 733 εἴ
968 685 1110 750 φησί
1128 684 1209 743 τίς
1235 676 1291 749 μ’
1321 676 1407 734 ἀει
1429 681 1638 751 λέγειν·
1788 694 1872 738 665

399 761 484 818 ἀεὶ
508 762 611 863 γὰρ
637 765 740 818 οὑν
765 762 880 827 πω’ς
906 768 1010 819 εἰσι
1034 760 1284 819 κάκεῖναι
1308 770 1487 819 κακαί.

397 845 431 918 ἢ
454 848 563 903 νύν
585 872 665 913 τις
688 844 859 912 αὐτας
881 860 1197 920 σωφρονεῖν
1223 848 1510 919 διδαξάτω,

395 928 430 1003 ἦ
452 929 583 1003 κάμ’
614 933 750 988 ἐάτω
775 929 952 988 ταῖσδ’
983 935 1338 1004 ἐπεμβαίνειν
1364 930 1468 989 ἀεί.

209 1023 358 1072 ΦΑΙ.
398 1018 624 1082 τάλανες
649 1010 694 1072 ὦ
718 1030 1040 1088 κακοτυχεῖς
1654 1016 1769 1075 ἀντ.

398 1109 684 1173 γυναικῶν
708 1103 920 1173 πότμοι.

396 1185 512 1242 τίν’
544 1182 617 1241 αὖ
642 1194 748 1240 νῦν
777 1192 973 1256 τέχναν
1009 1191 1203 1256 ἔχομεν
1218 1190 1281 1241 αἱ
1297 1189 1468 1257 λόγου
1790 1202 1875 1247 670

400 1279 693 1342 σφαλεῖσαι
716 1271 981 1343 κάθαμμα
1007 1271 1162 1326 λύειν
1189 1272 1398 1337 δόλοις;

397 1356 659 1428 ἐτύχομεν
684 1361 842 1421 δίκας
860 1375 870 1386 ·
907 1355 969 1412 ιὀὸ
997 1362 1068 1427 γᾶ
1092 1357 1185 1412 καὶ
1212 1362 1343 1427 φῶς.

395 1448 472 1516 πᾷ
496 1439 616 1497 ποτ’
645 1441 882 1508 ἐξαλύξω
906 1441 1101 1513 τύχας;

395 1533 511 1592 πῶς
539 1527 600 1583 δὲ
624 1533 775 1599 πῆμα
799 1526 1026 1598 κρύψω,
1055 1532 1242 1598 <pilam

397 1618 478 1677 τίς
502 1608 572 1669 ἂν
596 1618 751 1668 θεῶν
781 1610 996 1685 ἀρωγὸς
1019 1608 1054 1682 ἢ
1077 1617 1158 1675 τίς
1182 1607 1252 1666 ἂν
1275 1616 1491 1682 βροτῶν
1787 1624 1871 1668 675

398 1697 670 1769 πάρεδρος
694 1693 730 1769 ἢ
755 1695 1018 1768 ξυνεργός
1048 1694 1260 1752 ἀδίκων
1285 1701 1465 1766 ἔργων

397 1788 628 1853 φανείη;
652 1780 712 1837 τὸ
744 1781 849 1853 γὰρ
876 1779 1005 1851 παρ’
1036 1779 1166 1854 ἡμῖν
1189 1780 1369 1845 πάθος

396 1866 575 1940 παρὸν
599 1870 1012 1934 δυσεκπέρατον
1057 1871 1266 1936 ἔρχεται
1305 1871 1450 1937 βίον.

395 1952 834 2023 κακοτυχεστάτα
856 1957 1140 2024 γυναικῶν
1163 1951 1284 2021 ἐγώ.

208 2044 322 2092 XO.
394 2043 504 2108 φεῦ
531 2043 641 2109 φεῦ
659 2053 669 2064 ·
697 2038 1030 2108 πέπρακται,
1047 2039 1151 2090 κού
1168 2037 1529 2102 κατώρθωται
1551 2034 1734 2106 τέχνῃ,
1789 2046 1873 2092 680

399 2124 691 2191 δέσποινα,
720 2126 815 2191 τῆς
839 2126 938 2192 σῆς
962 2120 1309 2191 προσπόλου,
1339 2124 1520 2183 κακῶς
1550 2115 1602 2173 δ’
1636 2124 1760 2189 ἔχει.

210 2214 358 2262 ΦΑΙ.
393 2199 436 2262 ὦ
459 2212 802 2277 παγκακίστη
827 2207 920 2261 καὶ
945 2212 1128 2277 φίλων
1151 2209 1488 2275 διαφθορεῦ,

399 2288 470 2347 οἷ’
502 2291 736 2363 εἰργάσω
760 2313 843 2362 με.
877 2290 1016 2355 Ζεύς
1049 2307 1109 2345 σε
1139 2288 1419 2362 γεννήτωρ
1452 2289 1581 2362 ἐμὸς

397 2377 693 2447 πρόρριζον
717 2378 1027 2447 ἐκτρίψειεν
1054 2372 1288 2437 οὐτάσας
1313 2378 1465 2444 πυρί.

397 2458 501 2517 οὐκ
527 2460 709 2529 εἶπον,
736 2458 804 2516 οὐ
834 2466 932 2531 σῆς
956 2458 1388 2529 προυνοησάμην
1414 2455 1636 2529 φρενός,
1788 2467 1870 2512 685

397 2551 558 2617 σιγᾶν
588 2543 678 2617 ἐφ’
706 2541 816 2601 οἶσι
842 2552 951 2601 νῦν
978 2542 1084 2615 ἐγὼ
1109 2543 1448 2613 κακύνομαι;

399 2629 468 2686 σὺ
494 2628 545 2686 δ’
575 2627 677 2686 οὐκ
702 2627 962 2700 ἀνέσχον·
987 2626 1178 2699 τοιγὰρ
1206 2624 1388 2683 οὐκέτ’
1421 2623 1665 2689 εὐκλεεῖς

398 2712 733 2786 θανούμεθ’.
761 2712 898 2769 ἄλλα
923 2719 1013 2770 δεῖ
1034 2735 1101 2784 με
1124 2711 1193 2783 δὴ
1220 2735 1430 2767 καινων
1453 2710 1653 2782 λόγων.

401 2800 562 2865 οὑτος
586 2798 691 2871 γὰρ
719 2796 856 2871 ὀργῇ
883 2800 1330 2869 συντεθηγμένος
1357 2798 1564 2867 φρένας

400 2886 515 2953 ἐρεῖ
539 2881 672 2939 καθ’
701 2881 856 2955 ἡμων
882 2884 1046 2954 πατρὶ
1070 2880 1167 2947 σὰς
1193 2878 1474 2952 ἁμαρτίας,
1781 2889 1868 2935 690
