2022 3126
133 1935 242 1984 XO.

132 2107 248 2153 AA.

132 2189 248 2238 ΘΗ.

793 95 1128 144 ΙΚΕΤΙΔΕΣ
1681 95 1779 148 387

321 244 495 310 χαίρει
521 237 582 293 δὲ
603 236 840 311 πλούτῳ.
890 234 1042 292 ταῦτ’
1077 235 1307 308 ἀφέντες
1331 243 1388 293 οἱ
1408 240 1568 294 κακοὶ

315 324 584 393 πολέμους
608 318 1026 391 ἀναιρούμεσθα
1050 324 1141 376 καὶ
1165 321 1262 378 τὸν
1286 319 1492 394 ἥσσονα

317 403 653 476 δουλούμεθ’
683 403 882 477 ἄνδρες
906 402 1082 475 ἄνδρα
1107 408 1198 461 καὶ
1221 407 1376 472 πόλις
1399 408 1577 463 πόλιν.

314 491 383 546 σὺ
410 489 462 546 δ’
491 487 696 561 ἄνδρας
721 488 957 562 ἐχθροὺς
982 491 1073 545 καὶ
1097 491 1373 557 θανόντας
1398 489 1646 563 ὠφελεῖς,

318 576 550 631 θάπτων
577 581 812 645 κομίζων
835 572 897 629 θ’
920 573 1078 646 ὕβρις
1111 573 1207 640 οῦς
1239 575 1539 633 ἀπώλεσεν.
1703 589 1787 632 495

319 657 386 715 οῦ
411 656 532 730 τᾶρ’
562 656 636 714 ἔτ’
666 656 851 731 ὀρθῶς
874 661 1178 725 Καπανέως
1201 662 1498 733 κεραύνιον

316 747 480 815 δέμας
507 749 841 814 καπνοῦται,
867 744 1148 815 κλιμάκων
1175 742 1514 816 ὀρθοστάτας

316 826 374 894 ὃς
399 826 729 900 προσβαλῶν
752 828 1011 884 πύλαισιν
1036 826 1247 900 ὤμοσεν
1273 831 1435 887 πόλιν

317 916 540 985 πέρσειν
564 919 705 968 θεοῦ
729 915 992 979 θέλοντος
1014 911 1083 986 ἥν
1107 937 1164 969 τε
1194 914 1265 985 μὴ
1292 917 1447 987 θέλῃ,

322 995 446 1052 οὐδ’
474 995 721 1068 ἥρπασεν
744 998 1009 1069 χάρυβδις
1039 1000 1432 1069 οἰωνοσκόπον,
1703 1013 1786 1054 500

319 1084 627 1153 τέθριππον
653 1079 798 1154 ἅρμα
824 1089 1201 1154 περιβαλοῦσα
1226 1085 1474 1156 χάσματι,

318 1165 472 1222 ἄλλοι
497 1189 555 1221 τε
583 1179 792 1222 κεῖνται
817 1165 952 1238 πρὸς
982 1169 1181 1233 πύλαις
1205 1171 1492 1240 λοχαγέται

316 1254 533 1323 πέτροις
555 1254 988 1318 καταξανθέντες
1013 1251 1219 1309 ὀστέων
1243 1253 1436 1326 ῥαφάς.

315 1333 349 1407 ἥ
374 1359 481 1391 νυν
505 1349 736 1408 φρονεῖν
760 1333 988 1407 ἄμεινον
1014 1339 1226 1409 ἐξαύχει
1253 1339 1406 1408 Διός,

316 1417 352 1492 ἢ
376 1421 546 1485 θεοὺς
571 1425 794 1486 δικαίως
818 1422 947 1486 τοῦς
973 1422 1178 1488 κακοὺς
1205 1420 1530 1480 ἀπολλύναι.
1703 1437 1785 1478 505

317 1513 503 1577 φιλεῖν
528 1505 627 1576 μὲν
651 1498 755 1561 οῦν
778 1505 880 1577 χρὴ
905 1506 1034 1573 τοὺς
1058 1506 1268 1578 σοφοὺς
1292 1514 1511 1580 πρῶτον
1535 1510 1716 1577 τέκνα,

321 1596 505 1646 ἔπειτα
530 1593 720 1655 τοκέας
745 1597 983 1662 πατρίδα
1006 1590 1089 1663 θ’,
1115 1589 1185 1663 ἣν
1210 1588 1400 1660 αῦξειν
1424 1591 1602 1664 χρεῶν

319 1677 410 1730 καὶ
433 1673 505 1746 μὴ
531 1677 770 1741 κατᾶξαι.
829 1676 1112 1749 σφαλερὸν
1135 1676 1357 1750 ’ἡγεμών
1381 1677 1598 1749 θρασὺς

317 1759 454 1826 νεώς
478 1782 535 1814 τε
558 1760 786 1831 ναύτης·
811 1757 1013 1832 ἥσυχος
1036 1768 1208 1838 καιρῷ
1235 1762 1420 1834 σοφός.

318 1847 409 1900 καὶ
431 1844 594 1900 τοῦτό
619 1867 702 1900 τοι
728 1843 1048 1919 τάνδρεῖον,
1074 1845 1108 1919 ἡ
1134 1854 1436 1919 προμηθία.
1707 1863 1787 1905 510

313 1932 602 2001 ἐξαρκέσας
626 1921 696 1999 ἦν
720 1930 861 1996 Ζεὺς
884 1928 912 1986 ὁ
937 1932 1361 2004 τιμωρούμενος,

318 2012 454 2085 ἡμᾶς
480 2012 528 2069 δ’
559 2011 805 2087 ὑβρίζειν
829 2013 931 2072 ούκ
958 2019 1123 2089 ἐχρῆν
1146 2014 1357 2073 τοιάνδ’
1386 2014 1570 2089 ῦβριν.

320 2093 363 2154 ῶ
388 2098 716 2169 παγκάκιστε
743 2134 803 2141 -

842 2183 1270 2257 σῖγ’,”Αδραστ’,
1297 2192 1383 2257 ἔχε
1408 2187 1578 2258 στόμα

318 2270 409 2323 καὶ
435 2267 506 2339 μὴ
525 2265 859 2340 ’πίπροσθεν
882 2277 994 2326 τῶν
1018 2274 1163 2342 ἐμῶν
1188 2270 1314 2336 τοὺς
1338 2270 1469 2336 σούς
1494 2272 1692 2343 λόγους

317 2359 450 2425 θῇς·
480 2350 546 2408 οὐ
572 2351 677 2424 γὰρ
703 2350 824 2424 ἥκει
850 2354 986 2426 πρὸς
1009 2357 1068 2411 σὲ
1093 2356 1389 2427 κηρύσσων
1414 2353 1526 2427 ὅδε,
1704 2371 1784 2411 515

320 2434 440 2491 ἀλλ’
471 2434 542 2503 ῶς
568 2434 653 2508 ἔμ’
671 2456 681 2466 ·
710 2435 849 2509 ἡμᾶς
872 2437 1319 2511 κάποκρίνασθαι
1344 2441 1539 2511 χρεῶν.

318 2523 410 2577 καὶ
434 2528 622 2593 πρῶτα
644 2524 745 2593 μέν
768 2540 828 2578 σε
854 2523 990 2596 πρὸς
1014 2524 1079 2580 τὰ
1103 2522 1275 2597 πρῶτ’
1308 2524 1622 2597 ἀμείψομαι.

320 2603 422 2662 οῦκ
447 2605 535 2662 οἶδ
541 2605 553 2625 ’
583 2606 687 2677 ἐγῶ
713 2610 961 2679 Κρέοντα
985 2608 1300 2678 δεσπόζοντ’
1330 2614 1464 2682 ἐμοῦ

319 2688 450 2746 οὐδὲ
474 2693 748 2747 σθένοντα
773 2700 980 2764 μεῖζον,
1008 2692 1136 2751 ὥστ’
1167 2693 1471 2766 ἀναγκάσαι

319 2780 459 2844 δρᾶν
483 2773 577 2840 τὰς
594 2773 830 2847 Ἀθήνας
856 2776 1009 2834 ταῦτ’
1030 2798 1040 2808 ·
1069 2776 1183 2835 ἅνω
1208 2778 1313 2851 γὰρ
1341 2777 1411 2835 ἂν
1436 2782 1549 2851 ῥέοι
1699 2791 1781 2833 521.)

316 2858 381 2915 τὰ
408 2858 691 2930 πράγμαθ’
717 2860 909 2931 οὕτως,
939 2869 990 2919 εἰ
1016 2860 1409 2934 ’πιταξόμεσθα
1435 2863 1520 2935 δή.

1425 2943 1529 2995 25*
