2022 3126
112 2874 221 2922 ΧΟ.

768 112 1105 158 ΙΚΕΤΙΔΕΣ
1650 107 1747 159 381

295 254 399 322 ἐγώ
422 258 480 309 δὲ
499 253 569 325 σ’,
593 253 634 307 ὦ
661 263 785 320 παῖ,
787 257 999 321 πρῶτα
1029 252 1130 321 μὲν
1151 250 1216 306 τὰ
1239 256 1350 306 τῶν
1373 255 1526 305 θεῶν

291 349 519 392 σκοπεῖν
542 335 749 391 κελεύω
773 333 846 405 μὴ
873 341 1085 406 σφαλῇς
1106 332 1390 405 ἀτιμάσας·

295 420 526 489 σφάλλει
547 419 650 488 γὰρ
672 422 732 472 ἐν
750 421 927 490 τούτῳ
949 420 1117 490 μόνῳ,
1160 416 1311 474 τάλλ’
1341 410 1406 473 εὖ
1431 423 1672 489 φρονῶν.

295 504 431 575 πρὸς
453 509 637 560 τοῖσδε
661 500 733 572 δ’,
762 509 812 558 εἰ
832 503 932 574 μὲν
958 502 1030 574 μὴ
1057 500 1438 574 ἀδικουμένοις
1462 505 1624 573 ἐχρῆν

291 588 563 660 τολμηρὸν
589 587 755 658 εἶναι,
781 585 936 658 κάρτ’
966 583 1034 642 ἂν
1063 587 1208 657 εἶχον
1230 585 1470 658 ἡσύχως·
1670 601 1751 642 305

290 675 422 728 νυνὶ
446 674 507 728 δὲ
530 675 696 728 σοίτε
723 678 884 727 τοῦτο
908 671 1010 739 τὴν
1032 670 1195 742 τιμὴν
1222 673 1380 743 φέρει

295 755 457 826 κάμοὶ
482 770 773 829 παραινεῖν
797 753 864 811 οὐ
890 756 1069 827 φόβον
1095 758 1279 827 φέρει,
1305 757 1516 824 τέκνον,

293 839 498 911 ἄνδρας
521 848 736 912 βιαίους
762 842 853 895 καὶ
879 846 1264 911 κατείργοντας
1287 839 1522 909 νεκροὺς

294 926 471 995 τάφου
495 949 552 980 τε
576 931 767 996 μοίρας
790 926 882 979 καὶ
905 925 1277 995 κτερισμάτων
1301 931 1486 994 λαχεῖν

292 1013 387 1084 [εἰς
416 1011 569 1082 τήνδ’
603 1011 848 1081 ἀνάγκην
878 1015 950 1082 σῇ
979 1015 1306 1078 καταστῆναι
1335 1005 1501 1080 χερί,]
1671 1022 1754 1064 310

293 1092 495 1164 νόμιμά
522 1115 580 1148 τε
602 1092 777 1162 πάσης
800 1094 1129 1163 συγχέοντας
1146 1089 1399 1156 Ελλάδος

293 1184 526 1234 παῦσαι
554 1176 613 1233 τὸ
639 1177 742 1249 γάρ
768 1200 852 1232 τοι
876 1179 1109 1248 συνέχον
1133 1175 1450 1248 ἀνθρώπων
1474 1173 1657 1242 πόλεις

291 1259 440 1318 τοῦτ’
473 1259 617 1330 ἔσθ’,
645 1259 777 1317 ὅταν
801 1285 881 1326 τις
907 1261 1034 1326 τοὺς
1059 1261 1264 1331 νόμους
1289 1260 1430 1332 σώζῃ
1454 1268 1647 1327 καλῶς.

295 1352 411 1417 ἐρεῖ
431 1347 491 1402 δὲ
515 1347 583 1417 δή
606 1369 685 1411 τις
710 1343 781 1411 ως
805 1343 1076 1420 ἀνανδρίᾳ
1100 1351 1294 1417 χερῶν,

296 1431 450 1488 πόλει
474 1431 651 1503 παρόν
675 1449 763 1487 σοι
785 1432 1060 1502 στέφανον
1086 1428 1334 1495 εὐκλείας
1359 1436 1565 1501 λαβεῖν,
1673 1445 1753 1488 315

293 1522 477 1580 δείσας
501 1515 760 1586 ἀπέστης,
787 1517 879 1571 καὶ
901 1515 1034 1580 συὸς
1064 1516 1165 1586 μὲν
1189 1513 1388 1586 ἀγρίου

292 1598 503 1671 ἀγῶνος
527 1598 650 1671 ἥψω
678 1607 895 1672 φαῦλον
921 1598 1166 1670 ἀθλήσας
1192 1600 1381 1669 πόνον,

291 1687 357 1740 οὑ
383 1683 436 1740 δ’
467 1690 542 1749 εἰς
566 1685 765 1755 κράνος
787 1687 1066 1756 βλέψαντα
1090 1686 1180 1740 καὶ
1206 1684 1402 1755 λόγχης
1427 1683 1606 1755 ἀκμὴν

291 1776 427 1841 χρῆν
453 1773 775 1841 ἐκπονῆσαι,
803 1767 983 1834 δειλὸς
1012 1792 1090 1824 ων
1115 1771 1439 1841 ἐφηυρέθης.

293 1853 364 1925 μῆ
391 1852 511 1926 δῆτ’
542 1855 666 1925 ἐμός
694 1851 747 1925 γ’
779 1852 884 1924 ω’ν,
913 1855 954 1908 ὠ
978 1856 1197 1924 τέκνον,
1225 1853 1431 1926 δράσῃς
1453 1851 1597 1909 τάδε.
1671 1867 1755 1910 320

293 1937 448 2012 ὁρᾷς,
476 1937 714 2010 άβουλος
738 1935 810 2004 ὡς
834 1941 1270 2010 κεκερτομημένη

295 2036 406 2088 τοῖς
431 2029 760 2095 κερτομοῦσι
784 2022 991 2094 γοργὸν
1016 2021 1088 2088 ὡς
1113 2021 1410 2093 ἀναβλέπει

291 2107 358 2179 σὴ
384 2115 605 2179 πατρίς;
632 2111 691 2163 ἐν
720 2107 823 2179 γὰρ
849 2120 961 2173 τοῖς
990 2108 1243 2164 πόνοισιν
1266 2104 1484 2174 αὔξεται
1500 2127 1510 2136 ·

291 2196 352 2248 αἱ
372 2190 423 2247 δ’
451 2191 646 2264 ἥσυχοι
670 2191 922 2248 σκοτεινὰ
945 2193 1286 2264 πράσσουσαι
1309 2193 1492 2256 πόλεις

291 2275 542 2333 σκοτεινὰ
565 2279 656 2332 καὶ
676 2279 976 2347 βλέπουσιν
1002 2275 1420 2348 εὐλαβούμεναι.
1672 2289 1753 2333 325

292 2359 394 2417 οὐκ
419 2361 469 2417 εἷ
488 2374 732 2432 νεκροῖσι
761 2363 851 2416 καὶ
877 2363 1130 2432 γυναιξὶν
1157 2358 1379 2425 ἀθλίαις

292 2446 765 2518 προσωφελήσων,
794 2469 835 2500 ω
860 2448 1082 2515 τέκνον,
1108 2448 1492 2516 κεχρημέναις

293 2554 364 2595 ως
392 2527 520 2586 ου’τε
543 2536 728 2601 ταρβῶ
758 2549 865 2585 συν
890 2535 1017 2602 δίκῃ
1040 2548 1073 2585 σ
1124 2526 1462 2600 ὁρμώμενον,

296 2615 526 2686 Κάδμου
549 2612 611 2670 θ’
642 2612 825 2685 ὁρῶσα
849 2613 983 2670 λαὸν
1011 2615 1073 2669 εὐ
1100 2614 1431 2686 πεπραγότα,

292 2698 368 2755 ἔτ’
396 2697 568 2755 αὐτὸν
591 2697 726 2754 άλλα
749 2697 979 2770 βλήματ’
1009 2701 1068 2754 ἐν
1091 2697 1284 2769 κύβοις
1313 2705 1502 2770 βαλεῖν
1672 2709 1756 2753 330

295 2780 557 2839 πέποιθ’·
589 2781 617 2840 ὁ
643 2807 747 2855 γαρ
772 2783 904 2848 θεὸς
928 2780 1088 2838 πάντ’
1117 2780 1448 2854 ἀναστρέφει
1473 2781 1655 2836 πάλιν.

291 2892 332 2923 ω
358 2868 589 2938 φιλτάτη
613 2891 733 2939 μοι,
760 2869 903 2942 τῷδέ
923 2865 971 2921 τ’
1003 2875 1221 2936 εἴρηκας
1243 2873 1423 2931 καλως
