2022 3126
78 436 186 486 ΧΟ.

80 773 179 822 ΕΚ
180 811 189 820 .

802 123 1042 169 EKABH
1635 120 1731 174 177

264 266 421 334 γένος
444 262 549 334 γὰρ
576 260 705 318 οὔτε
728 261 926 325 πόντος
950 258 1077 316 οὔτε
1101 269 1171 333 γῆ
1195 265 1386 334 τρέφει

262 345 492 418 τοιόνδ’,
519 345 547 403 ὁ
574 344 625 402 δ’
654 343 740 401 ἀεὶ
768 343 1053 415 ξυντυχών
1076 349 1375 402 ἐπίσταται.

261 431 435 502 μηδὲν
460 430 750 502 θρασύνου
774 429 912 500 μηδὲ
933 442 1045 493 τοῖς
1068 436 1277 486 σαυτοῦ
1300 444 1490 496 κακοῖς

266 518 327 571 τὸ
353 521 503 585 θῆλυ
527 516 760 578 συνθεὶς
789 506 899 569 ὦδε
921 519 1034 568 πᾶν
1062 516 1248 587 μέμψῃ
1273 518 1432 585 γένος
1448 534 1459 544 ·

271 600 464 654 πολλαὶ
487 597 592 669 γὰρ
619 595 805 669 ἡμῶν,
833 605 895 654 αἳ
916 597 1018 668 μὲν
1043 596 1145 653 εἴσ’
1174 602 1492 671 ἐπίφθονοι,
1627 615 1731 657 1185

262 689 323 738 αἳ
344 680 395 738 δ’
425 688 500 746 εἰς
523 680 768 753 ἀριθμὸν
791 687 904 736 τῶν
926 687 1114 738 κακῶν
1138 684 1482 754 πεφύκαμεν.

256 765 596 838 Ἀγάμεμνον
613 811 626 831 ,
653 763 1039 866 ἄνθρωποισιν
1063 764 1167 822 οὐκ
1198 770 1363 838 ἐχρῆν
1387 790 1519 825 ποτε

265 857 378 906 τῶν
405 851 740 922 πραγμάτων
764 850 865 922 τὴν
889 856 1147 921 γλῶσσαν
1176 852 1388 921 ἰσχύειν
1413 855 1598 908 πλέον

263 932 385 990 ἀλλ’
415 944 522 991 εἴτε
543 931 732 1006 χρήστ’
761 940 985 1005 ε’δρασε,
1009 932 1199 1005 χρήστ’
1227 940 1340 991 ἔδει
1365 937 1564 1007 λέγειν,

265 1017 363 1075 εἷ”τ
392 1013 466 1074 αὖ
490 1019 732 1090 πονηρά
758 1042 889 1082 τους
911 1018 1111 1089 λόγους
1137 1019 1279 1074 εἶναι
1302 1021 1552 1090 σαθρους
1629 1037 1734 1079 1190

265 1106 358 1159 καὶ
382 1102 455 1174 μὴ
483 1103 766 1159 δύνασθαι
792 1100 972 1159 τάδικ’
1006 1105 1069 1158 εύ
1096 1106 1281 1175 λέγειν
1304 1107 1450 1159 ποτέ.

263 1190 429 1259 σοφοὶ
452 1187 554 1258 μὲν
577 1179 682 1243 οὖν
713 1184 816 1244 εἰσ’
845 1193 903 1244 oc
922 1185 1046 1243 τάδ’
1073 1185 1462 1260 ἠκριβωκότες,

265 1269 386 1327 ἀλλ’
418 1270 485 1328 ού
514 1271 759 1328 δύναιντ’
793 1270 862 1328 ἂν
891 1274 979 1329 διὰ
1009 1274 1205 1337 τέλους
1237 1273 1378 1328 εἶναι
1406 1278 1592 1343 σοφοί,

260 1363 441 1422 κακῶς
465 1353 520 1411 δ’
547 1352 824 1412 ἀπώλοντ’
842 1374 853 1385 ·
880 1353 1029 1420 οὔτις
1053 1356 1276 1427 ἑξήλυξέ
1293 1378 1396 1411 πω.

261 1448 361 1496 καί
383 1464 475 1511 μοι
497 1438 558 1496 τό
581 1441 683 1510 μὲν
708 1439 810 1496 σὸν
834 1432 943 1496 οἶδε
967 1447 1246 1511 φροιμίοις
1273 1446 1382 1511 ἔχει
1398 1459 1409 1469 ·
1629 1455 1733 1497 1195

263 1524 399 1596 πρὸς
422 1525 584 1580 τόνδε
608 1522 662 1580 δ’
693 1525 801 1595 εἶμι
824 1526 917 1579 καὶ
939 1524 1121 1594 λόγοις
1145 1523 1461 1595 ἀμείψομαι,

259 1633 318 1674 ος
347 1599 475 1682 φήσ
502 1606 735 1680 Ἀχαιῶν
760 1609 934 1664 πόνον
962 1606 1332 1666 άπαλλάσσων
1362 1614 1600 1666 διπλοῦν

260 1694 660 1767 Ἀγαμέμνονός
687 1692 750 1751 θ’
781 1698 932 1751 ε’κατι
957 1693 1112 1750 παῖδ’
1141 1693 1275 1765 ἐμὸν
1300 1705 1540 1748 κτανεῖν.

262 1777 382 1836 ἀλλ’
413 1782 454 1835 ὦ
480 1780 729 1849 κάκιστε,
756 1786 975 1850 πρῶτον
1000 1775 1195 1834 ουποτ’
1223 1801 1294 1833 αν
1319 1782 1486 1847 φίλον

262 1864 321 1920 τὸ
347 1865 632 1936 βάρβαρον
653 1861 856 1935 γένοιτ’
884 1859 955 1919 α“ν
970 1859 1231 1934 Ελλησιν
1252 1865 1411 1933 γένος
1626 1875 1734 1917 1200

262 1946 386 2005 οὐδ’
418 1944 487 2004 ἂν
511 1948 754 2004 δύναιτο.
786 1954 911 2003 τίνα
935 1947 996 2004 δὲ
1021 1949 1113 2002 καὶ
1134 1944 1396 2003 σπεύδων
1419 1945 1581 2016 χάριν

262 2033 550 2104 πρόθυμος
573 2026 750 2104 ἦσθα;
781 2033 984 2102 πότερα
1008 2032 1299 2103 κηδεύσων
1322 2028 1446 2085 τινὰ

262 2114 297 2188 ἢ
321 2116 588 2189 ξυγγενὴς
612 2115 716 2188 ὤν,
743 2114 778 2189 ἢ
804 2115 911 2173 τίν’
940 2122 1123 2172 αἰτίαν
1147 2122 1315 2187 ἕχων;

262 2198 298 2272 ἢ
322 2208 417 2273 σῆς
442 2208 672 2273 ἔμελλον
694 2208 794 2274 γῆς
817 2214 1002 2273 τεμεῖν
1025 2201 1377 2272 βλαστήματα

263 2286 598 2352 πλεύσαντες
627 2278 822 2353 αὖθις;
850 2293 975 2342 τίνα
998 2290 1178 2350 δοκεῖς
1201 2291 1415 2341 πείσειν
1438 2282 1600 2349 τάδε;
1629 2297 1732 2338 1-205
1756 2317 1761 2320 -

265 2368 292 2426 ὁ
320 2371 550 2442 χρυσός,
578 2376 630 2426 εἰ
659 2371 883 2442 βούλοιο
908 2367 1123 2441 τάληθῆ
1151 2372 1351 2441 λέγειν,

266 2461 473 2512 ἔκτεινε
495 2454 593 2511 τὸν
616 2454 751 2527 ε’μόν
773 2461 945 2512 παῖδα
967 2456 1062 2511 καὶ
1084 2456 1253 2525 κέρδη
1278 2451 1343 2508 τα
1367 2451 1451 2508 σά.

266 2541 384 2595 ἐπεὶ
407 2542 631 2607 δίδαξον
654 2546 818 2596 τοῦτο
834 2559 844 2568 ·
879 2545 994 2605 πῶς
1020 2536 1102 2594 ὅτ’
1129 2535 1355 2608 ηὐτύχει

272 2630 467 2695 Τροία,
494 2626 648 2695 πέριξ
672 2624 732 2681 δὲ
756 2623 967 2696 πύργος
993 2620 1093 2693 εἶχ’
1129 2629 1207 2678 ἔτι
1231 2623 1442 2690 πτόλιν,

266 2714 352 2779 ἔζη
376 2730 433 2764 τε
456 2715 706 2780 Πρίαμος
722 2705 981 2780 ’Ἕκτορός
1004 2705 1052 2762 τ’
1081 2704 1248 2777 ἤνθει
1273 2708 1429 2777 δόρυ,
1627 2719 1735 2760 1210

266 2800 323 2847 τί
342 2790 395 2848 δ’
423 2790 490 2847 οὐ
514 2790 626 2847 τότ’
645 2836 660 2863 ‚
687 2801 841 2865 εἴπερ
867 2789 1001 2867 τῷδ’
1033 2792 1343 2863 ἐβουλήθης
1365 2790 1526 2862 χάριν

265 2879 498 2946 θέσθαι,
523 2877 744 2948 τρέφων
765 2874 863 2932 τὸν
887 2881 1056 2932 παῖδα
1081 2874 1187 2932 κάν
1214 2876 1402 2946 δόμοις
1425 2878 1565 2942 ἔχων

215 2975 366 3006 nvmp.
403 2975 506 3003 VOL.
545 2962 578 3003 l.
1390 2954 1455 3004 12
