2022 3126
657 377 1243 432 ΤΠΟΘΕΣΙΣ.

284 585 574 659 Ἡρόδοτος
600 592 809 659 ἱστορεῖ
828 585 1188 659 περὶῈλένης
1212 595 1310 643 καί
1329 605 1501 658 φησιν
1528 591 1718 642 ἐλθεῖν

124 672 224 743 μὲν
259 670 435 744 αὐτὴν
469 679 545 737 εἰς
568 681 876 743 Αἴγυπτον,
902 673 993 727 καὶ
1026 679 1189 728 τοῦτο
1224 673 1461 743 φάσκειν
1495 672 1587 726 καὶ
1622 668 1719 724 τὸν

109 757 356 828 ’Όμηρον
382 763 648 813 ποιοῦντα
673 755 774 827 τὴν
789 754 1012 828 Ἑλένην
1035 759 1295 827 παρέχειν
1316 762 1391 830 τῷ
1423 754 1718 828 Τηλεμάχῳ

125 838 491 916 ε’νὈὸυσσεία
504 841 565 897 τὸ
591 841 891 912 λαθικηὸὲς
905 841 1202 912 φάρμακον
1215 841 1274 896 τό
1299 846 1356 896 οἱ
1377 841 1513 911 πόρε
1527 846 1719 895 Πολυ-

124 925 304 996 δάμνα
331 927 550 991 Θόωνος
574 923 919 997 παράκοιτις,
958 923 1025 980 ού
1050 925 1160 996 μὴν
1186 926 1248 982 δὲ
1283 922 1459 989 οὕτως
1494 922 1566 989 ὡς
1600 920 1758 978 Εύ-5

125 1014 346 1081 ριπίὸης
374 1016 564 1082 φησίν.
621 1014 680 1065 οἳ
699 1010 801 1081 μὲν
823 1009 929 1081 γὰρ
955 1013 1325 1081 πλανωμένην
1344 1010 1518 1081 φασὶν
1544 1005 1719 1078 αὐτὴν

123 1092 257 1165 μετὰ
281 1101 382 1149 τοῦ
405 1094 705 1150 ἁΜενελάου
729 1092 864 1166 μετὰ
887 1093 989 1166 τὴν
1011 1100 1105 1165 τῆς
1123 1092 1285 1150 Ἰλίου
1311 1094 1594 1165 πόρθησιν
1627 1095 1720 1147 καὶ

126 1184 201 1243 εἰς
224 1187 513 1251 Αἴγυπτον
537 1181 953 1251 παραγενέσθαι
987 1176 1255 1236 κάκεῖθεν
1289 1185 1631 1249 πεπορίσθαι
1655 1176 1720 1232 τὰ

125 1263 413 1335 φάρμακα·
456 1258 488 1318 ὂ
517 1263 578 1319 δὲ
611 1262 713 1335 τὴν
750 1264 852 1335 μὲν
887 1261 1114 1335 άληθῶς
1141 1262 1366 1335 Ἑλένην
1413 1266 1548 1334 φησὶ
1585 1259 1714 1334 μηδ’

124 1345 384 1404 ὁπωσοῦν
420 1352 610 1404 ἐλθεῖν
647 1354 723 1413 εἰς
766 1354 1001 1419 Τροίαν,
1050 1347 1110 1403 τό
1159 1354 1393 1405 εἴδωλον
1432 1348 1494 1403 δὲ
1530 1345 1715 1418 αὐτῆς.
1735 1357 1787 1399 10

124 1434 327 1498 κλέψας
361 1432 466 1504 γὰρ
498 1430 675 1504 αὐτὴν
700 1429 729 1488 ὁ
761 1430 956 1503 Ἐρμῆς
980 1429 1153 1503 μἨρας
1188 1438 1366 1505 βουλῇ
1387 1439 1614 1503 Πρωτεῖ
1643 1436 1719 1505 τῷ

124 1524 345 1589 βασιλεῖ
374 1523 468 1588 τῆς
502 1517 795 1588 Αἰγύπτου
838 1517 1140 1587 φυλάττειν
1166 1520 1481 1589 παρέδωκε·
1519 1517 1719 1572 τούτου

126 1602 187 1656 δὲ
211 1601 488 1666 θανόντος
522 1598 550 1656 ὁ
578 1600 699 1666 υίὸς
726 1597 901 1656 αὐτοῦ
932 1603 1314 1673 Θεοκλύμενος
1339 1605 1591 1673 ἐπειρᾶτο
1616 1623 1719 1672 γα-

124 1699 249 1758 μεῖν
274 1683 466 1757 αὐτήν.
522 1679 555 1752 ἢ
582 1686 643 1742 δὲ
669 1687 833 1750 ἱκέτις
858 1686 1212 1758 παρεκάθητο
1236 1693 1312 1761 τῷ
1330 1692 1428 1741 τοῦ
1445 1688 1718 1757 Πρωτέως

124 1777 389 1844 μνημείῳ,
422 1768 561 1826 ὅθεν
594 1767 736 1842 αὐτῇ
760 1773 1109 1841 ἐπιφαίνεται
1131 1773 1456 1842 Μενέλεως,
1495 1768 1589 1835 τὰς
1613 1769 1714 1841 μὲν
1732 1783 1785 1825 15

124 1861 263 1920 ναῦς
287 1858 346 1911 ἐν
381 1861 448 1928 τῇ
481 1855 735 1927 θαλάσσῃ
762 1852 1062 1925 ἀπολέσας,
1098 1852 1320 1926 ὀλίγους
1344 1858 1409 1910 δέ
1429 1879 1581 1920 τινας
1605 1860 1717 1910 τῶν

125 1942 359 2011 ἑταίρων
386 1943 446 1995 ἐν
469 1937 651 2014 ἄντρῳ
678 1941 1118 2010 καθειργμένους
1153 1940 1357 2008 σώζων.
1407 1946 1483 2004 εἰς
1517 1937 1717 2010 λόγους

126 2025 187 2080 δὲ
212 2024 470 2089 ἐλθόντες
494 2026 587 2079 καὶ
610 2024 1205 2095 μηχανορραφήσαντες
1232 2022 1478 2081 ἀπατῶσι
1503 2024 1604 2095 μὲν
1620 2022 1718 2079 τὸν

127 2108 540 2180 Θεοκλύμενον,
577 2106 736 2163 αὐτοὶ
760 2107 822 2163 δὲ
857 2110 950 2183 νηὶ
975 2109 1238 2174 ἐμβάντες
1274 2106 1347 2174 ὥς
1381 2108 1449 2180 δὴ
1487 2114 1564 2183 τῷ
1590 2116 1718 2164 Με-

125 2195 297 2268 νέλεῳ
315 2193 550 2249 θανόντι
571 2191 710 2249 κατὰ
725 2193 1010 2249 θάλατταν
1025 2194 1314 2265 θύσοντες,
1346 2199 1421 2258 εἰς
1444 2192 1546 2263 τὴν
1564 2198 1714 2250 ἰδίαν
1732 2208 1785 2250 20

127 2277 500 2348 διασώζονται.
