2022 3126
246 128 346 180 276

248 1385 358 1436 XO.

248 1554 358 1607 ΚΛ.

247 2320 362 2369 ΗΛ.

251 2575 344 2624 ΚΛ

248 2746 364 2794 ΗΛ.

248 2831 359 2879 ΚΛ.

249 2916 364 2965 ΗΛ.

929 131 1253 176 ΗΛΕΚΤΡΑ

437 271 542 344 έγῶ
571 277 629 327 τί
651 267 704 327 σ’
735 268 953 342 ἠδίκησ’
983 271 1108 342 ε’μός
1132 294 1190 326 τε
1214 271 1511 343 σύγγονος;

440 363 554 422 πῶς
580 353 646 412 οὐ
672 356 836 412 πόσιν
860 362 1118 411 κτείνασα
1142 357 1430 431 πατρῴους
1455 358 1660 429 δόμους

435 439 566 513 ἡμῖν
591 447 907 512 προσῆψας,
935 437 1056 496 ἀλλ’
1095 441 1378 513 ἐπηνέγκω
1406 445 1532 514 λέχη

436 524 751 597 τάλλότρια,
777 532 984 597 μισθοῦ
1011 524 1135 590 τοὺς
1161 525 1370 598 γάμους
1396 525 1715 600 αἰνουμένης

435 608 591 667 κοῦτ’
622 608 947 682 ἀντιφεύγει
977 609 1169 676 παιδὸς
1195 608 1319 667 άντὶ
1343 617 1444 667 σοῦ
1470 612 1643 683 πόσις,

443 693 562 752 οὔτ’
592 694 712 751 ἀντ’
743 699 876 768 ἐμοῦ
901 699 1167 767 τέθνηκε,
1195 698 1279 761 δὶς
1303 696 1476 762 τόσως
1501 698 1593 769 ἐμὲ

435 788 652 846 κτείνας
676 778 921 853 ἀδελφῆς
945 787 1137 849 ζῶσαν.
1171 787 1220 836 εί
1243 778 1294 837 δ’
1326 779 1616 853 ἀμείψεται

435 864 614 940 φόνον
639 867 874 935 δικάζων
900 866 1099 938 φόνος,
1128 863 1411 923 ἀποκτενῶ
1438 864 1489 922 σ’
1519 866 1625 940 ἐγώ

434 954 527 1008 καὶ
550 964 676 1016 παῖς
701 949 954 1023 Ὀρέστης
981 953 1146 1023 πατρὶ
1171 952 1604 1024 τιμωρούμενοι·

434 1043 484 1093 εί
507 1035 610 1109 γὰρ
638 1035 808 1093 δίκαι’
839 1040 1048 1106 ἐκεῖνα,
1077 1039 1168 1093 καὶ
1194 1035 1315 1092 τάδ’
1351 1042 1557 1093 ἔνδικα.

433 1119 600 1190 [ὅστις
626 1122 687 1178 δὲ
712 1128 952 1178 πλοῦτον
980 1118 1011 1193 ἢ
1038 1119 1326 1193 εὐγένειαν
1357 1122 1581 1178 εἰσιδών

435 1219 598 1279 γαμεῖ
618 1206 896 1278 πονηράν,
923 1207 1106 1278 μῶρός
1133 1210 1272 1263 ἐστι·
1299 1207 1468 1279 μικρὰ
1495 1206 1598 1280 γὰρ

433 1293 689 1364 μεγάλων
715 1289 923 1364 ἀμείνω
950 1291 1238 1363 σώφροσιν
1263 1293 1455 1364 δόμοις
1481 1299 1604 1364 ἔχει.

429 1378 564 1449 τυχη
590 1382 874 1450 γυναικῶν
899 1382 974 1441 εἰς
1001 1377 1223 1449 γάμους.
1250 1376 1315 1433 τὰ
1340 1378 1440 1449 μὲν
1467 1377 1571 1449 γὰρ
1600 1370 1681 1449 εὖ,

409 1493 413 1496 ·
435 1463 499 1518 τὰ
527 1460 580 1518 δ’
612 1460 679 1518 οὐ
707 1468 886 1527 καλῶς
911 1468 1180 1518 πίπτοντα
1205 1464 1467 1535 δέρκομαι
1491 1467 1748 1534 βροτῶν]

430 1541 472 1603 ῶ
501 1561 624 1618 παῖ,
651 1551 903 1619 πέφυκας
926 1550 1132 1618 πατέρα
1157 1546 1256 1604 σὸν
1280 1550 1531 1620 στέργειν
1557 1544 1655 1604 ἇεί.

434 1640 583 1689 ἔστιν
607 1592 668 1689 δε
693 1635 785 1688 καὶ
810 1631 948 1688 τόδ·
977 1639 1030 1688 οι
1022 1635 1152 1704 μέν
1181 1639 1319 1689 εἰσιν
1345 1627 1613 1733 αρσένων,

433 1727 493 1776 οἳ
510 1716 562 1774 δ’
594 1711 666 1774 αὖ
692 1724 921 1789 φιλοῦσι
945 1720 1180 1790 μητέρας
1204 1725 1413 1789 μᾶλλον
1439 1718 1658 1789 πατρός.

435 1804 835 1876 συγγνώσομαί
855 1822 970 1859 σοι·
997 1827 1089 1859 και
1117 1802 1221 1874 γὰρ
1249 1826 1350 1875 ουχ
1375 1800 1551 1868 οὕτως
1575 1801 1716 1875 άγαν

433 1895 605 1959 χαίρω
635 1913 710 1959 τι,
739 1891 962 1959 τέκνον,
989 1901 1100 1953 τοῖς
1126 1891 1482 1960 δεδραμένοις
1507 1891 1641 1959 ἐμοί.

434 1972 503 2029 σύ
531 1971 582 2029 δ’
614 1966 714 2029 οἷδ’
744 1972 974 2038 ἄλουτος
999 1975 1091 2028 καὶ
1117 1978 1444 2044 δυσείματος
1468 1972 1602 2045 χρόα

434 2057 592 2129 [λεχώ
619 2065 868 2129 νεογνῶν
897 2061 955 2113 ἐκ
980 2058 1158 2114 τόκων
1184 2059 1556 2129 πεπαυμένη];

435 2153 581 2216 οἴμοι
604 2144 832 2199 τάλαινα
857 2149 968 2198 τῶν
995 2146 1141 2215 ἐμῶν
1166 2143 1592 2245 βουλευμάτων·

436 2227 508 2294 ῶς
531 2235 739 2300 μᾶλλον
764 2224 797 2299 ἢ
822 2234 960 2301 χρῆν
985 2224 1142 2299 ἤλασ’
1175 2233 1249 2293 εἰς
1276 2225 1451 2299 ὀργὴν
1476 2227 1654 2284 πόσιν.

434 2312 536 2377 όιιε
560 2313 857 2384 στενάζεις,
888 2310 1036 2384 ἡνίκ
1067 2311 1170 2368 οὐκ
1198 2319 1335 2383 ἔχεις
1360 2310 1483 2385 άκη.

433 2398 642 2471 πατὴρ
636 2423 734 2456 ιιεν
766 2401 870 2455 οὐν
893 2400 1156 2470 τέθνηκε·
1185 2397 1281 2454 τὸν
1309 2395 1363 2453 δ
1394 2401 1493 2465 ἔξω
1517 2396 1722 2469 χθονὸς

434 2491 547 2549 πῶς
575 2483 641 2540 οὐ
667 2491 873 2556 κομίζει
901 2482 1053 2539 παῖδ’
1085 2481 1422 2555 αλητεύοντα
1449 2483 1579 2540 σόν·
1567 2526 1579 2550 ,

430 2573 679 2626 δέδοικα·
709 2567 917 2641 τούμὸν
943 2566 1016 2638 δ’,
1046 2566 1169 2639 οὐχὶ
1194 2565 1488 2625 τούκείνου
1512 2573 1717 2624 σκοπῶ.

434 2654 654 2726 [πατρὸς
681 2656 811 2727 γάρ,
841 2652 913 2719 ῶς
938 2656 1186 2726 λέγουσι,
1214 2659 1495 2724 θυμοῦται
1521 2651 1714 2728 φόνω]

435 2746 492 2794 τί
515 2742 607 2795 δαὶ
630 2741 794 2797 πόσιν
820 2738 920 2796 σὸν
946 2736 1141 2811 ἄγριον
1169 2745 1244 2804 εἰς
1269 2735 1407 2809 ἡμᾶς
1432 2745 1597 2809 ἔχειςς

432 2826 626 2895 τρόποι
653 2827 892 2881 τοιοῦτοι
911 2844 921 2854 ·
950 2826 1041 2880 καὶ
1066 2823 1134 2879 σύ
1165 2821 1216 2880 δ’
1248 2821 1502 2896 αὐθάδης
1528 2829 1672 2894 ἔφυς.

436 2907 584 2981 ἀλγῶ
611 2912 712 2982 γάρ
729 2929 739 2940 ·
768 2908 906 2965 ἀλλὰ
933 2909 1211 2981 παύσομαι
1238 2911 1581 2982 θυμουμένη.

1802 544 1908 588 1090

1803 968 1909 1012 1095

1803 1393 1910 1435 1100

1803 1817 1911 1860 1105

1804 2244 1908 2286 1110

1805 2666 1908 2708 111⁵
