2022 3126
232 104 476 145 XXXVIII
703 104 785 145 DE
816 105 1125 148 EVRIPIDIS
1154 106 1410 148 INGENIO

231 229 403 278 urbani
443 231 687 279 sermonis
724 232 1090 295 simplicitatem
1120 240 1168 280 et
1204 233 1464 282 sublimem
1493 240 1751 296 poetarum
1791 249 1876 285 au-

230 301 419 348 daciam
457 299 673 349 medium
713 301 958 363 quendam
996 301 1157 350 locum
1199 308 1413 360 teneret,
1463 306 1602 353 cuius
1641 305 1876 355 suavitate

228 385 285 418 ac
322 372 484 419 nitore
524 372 726 419 mirifice
775 370 1096 420 oblectamur.
1174 372 1301 433 quod
1343 373 1484 422 Grais
1521 374 1751 423 Horatius
1789 378 1875 424 tri-

227 439 334 488 buit
370 455 424 489 os
462 441 756 496 rotundum,
806 440 852 488 id
892 442 1052 504 ipsum
1101 441 1151 488 in
1190 441 1427 505 Euripide
1474 443 1746 493 admiratur
1792 446 1876 493 ad-

228 511 472 559 versarius
510 511 614 559 eius
651 509 1004 574 Aristophanes
1021 506 1108 573 ⁷‘⁵):
1147 510 1265 559 item
1305 511 1388 560 alii
1426 519 1647 562 veterum
1687 514 1877 564 iudices

227 586 535 629 venustatem
581 579 875 642 Euripideae
924 580 1164 628 orationis
1212 587 1258 628 et
1309 581 1597 631 munditiem
1648 582 1876 633 laudibus

229 647 530 712 efferunt77).
604 649 872 713 plurimum
921 648 1001 697 hic
1048 656 1192 712 poeta
1231 649 1540 715 eloquentiae
1587 653 1750 702 studio
1788 657 1874 703 tri-

228 720 353 768 buit:
394 734 486 768 nec
524 720 731 775 mirum,
783 734 893 767 cum
934 718 1093 768 Suada
1138 721 1322 769 sensim
1358 735 1524 769 rerum
1573 725 1729 785 potita
1767 739 1875 773 esse

227 785 567 851 videreturffl).
641 788 756 836 hinc
803 788 1006 836 flumine
1066 790 1301 838 orationis
1350 797 1397 838 et
1452 791 1704 840 rhetorico
1762 793 1875 842 suco

225 860 427 922 insignis
457 865 532 907 est
544 855 635 922 ⁷9):
676 860 1032 907 sententiarum
1061 858 1329 908 luminibus
1356 864 1630 911 orationem
1657 861 1877 911 distinxit

224 937 271 978 et
309 925 601 990 ornavit⁸⁰):
651 930 879 991 inprimis
924 944 1042 977 vero
1091 931 1358 978 certamina
1407 939 1538 980 amat
1584 938 1633 980 et
1679 940 1874 982 contro-

223 1001 415 1048 versias<
454 1013 781 1063 personarum
819 1000 870 1046 in
920 1014 1097 1048 scaena
1134 1006 1366 1061 tanquam
1415 1001 1524 1050 foro
1579 1001 1875 1065 litigantium

224 1084 493 1134 omnesque
540 1068 738 1118 dicendi
785 1076 914 1118 artes
960 1067 1409 1135 experientiumffl).
1483 1071 1559 1120 his
1608 1072 1668 1120 de
1715 1074 1874 1122 causis

333 1223 404 1274 76)
437 1224 512 1263 Ar.
545 1222 669 1264 Com.
701 1225 725 1261 2
756 1236 799 1275 p.
836 1224 963 1263 1142:
997 1221 1180 1290 χρῶμαι
1209 1216 1314 1288 γὰρ
1338 1215 1493 1265 αὐτοῦ
1525 1223 1610 1265 τοῦ
1644 1220 1874 1278 στόματος

222 1279 281 1336 τῷ
313 1272 606 1334 στρογγύλῳ·
640 1272 751 1325 τούς
782 1278 896 1326 νοῦς
919 1273 966 1319 δ’
995 1274 1253 1332 ἀγοραίους
1285 1268 1432 1331 ἧττον
1461 1269 1493 1332 ἢ
1524 1275 1707 1328 ἐκεῖνος
1737 1282 1871 1322 ποιῶ.

332 1335 407 1388 77)
431 1336 629 1399 Dionys.
661 1334 768 1375 Hal.
800 1339 890 1375 vet.
925 1347 1011 1375 scr.
1044 1348 1165 1376 cens
1201 1337 1246 1383 2,
1281 1338 1332 1375 11
1363 1349 1409 1402 Ρ
1441 1338 1546 1376 423:
1586 1331 1608 1377 ὁ
1644 1329 1692 1378 δ’
1727 1332 1872 1391 Εὐρι-

218 1390 363 1456 πίδης
395 1384 503 1431 οὔτε
523 1383 713 1453 ὑψηλός
747 1383 874 1431 ἐστιν
907 1382 1018 1431 οὕτε
1040 1385 1135 1443 μὴν
1168 1386 1312 1458 λιτός,
1345 1386 1467 1432 αλλὰ
1491 1389 1760 1448 κεκραμένη
1789 1393 1872 1458 τῆς

220 1444 386 1498 λέξεως
434 1440 657 1511 μεσότητι
692 1441 953 1512 κέχρηται
1003 1445 1097 1487 τῶν
1146 1442 1201 1487 δὲ
1246 1446 1485 1500 κωμῳδῶν
1531 1452 1749 1501 μιμεῖται
1787 1447 1872 1497 τὰς

223 1497 439 1550 λεκτικὰς
472 1495 646 1554 αρετὰς
678 1495 887 1548 ἁπάσας.
949 1504 997 1542 in
1027 1501 1280 1556 γλαφυρᾶς
1311 1501 1394 1544 καὶ
1434 1497 1657 1557 ἀνθηρᾶς
1696 1502 1873 1546 συνθέ-

219 1572 333 1607 σεως
373 1559 591 1611 exemplis
630 1558 751 1599 idem
790 1559 1043 1610 Dionysius
1083 1559 1139 1599 de
1181 1571 1326 1611 comp.
1366 1559 1492 1600 verb.
1532 1573 1569 1603 c
1610 1562 1664 1601 23
1705 1574 1746 1613 p.
1791 1563 1872 1602 173

217 1615 483 1667 Euripidem
522 1619 858 1655 commemorat.
931 1614 1147 1654 callidam
1185 1615 1442 1655 iuncturam
1473 1628 1562 1667 qua
1603 1616 1872 1668 vulgaribus

218 1672 370 1712 verbis
416 1672 613 1723 gratiam
662 1676 799 1736 poeta.
839 1671 1117 1738 conciliarit,
1165 1670 1325 1711 laudat
1362 1672 1554 1712 Aristot.
1598 1672 1733 1715 Rhet.
1766 1675 1813 1720 3,
1845 1675 1871 1714 2

216 1741 258 1780 Ρ.
294 1729 450 1768 1404b
482 1728 561 1767 25:
593 1724 845 1768 κλέπτεται
879 1721 930 1767 δ’
924 1715 1033 1790 εὖ,
1075 1719 1161 1767 ἐοῖν
1192 1741 1263 1773 τις
1297 1721 1347 1767 ἐκ
1378 1726 1464 1780 τῆς
1497 1724 1730 1775 εἰωθυίας
1763 1727 1870 1768 δια-

217 1779 385 1824 λέκτου
418 1776 620 1835 ἐκλέγων
652 1782 879 1834 συντιθῇ·
919 1775 1036 1834 ὅπερ
1070 1776 1340 1835 Εὐριπίδης
1369 1786 1502 1824 ποιεῖ
1529 1780 1611 1824 καὶ
1644 1778 1871 1835 ὑπέδειξε

215 1838 412 1890 πρῶτος.
475 1852 612 1891 quam
641 1852 735 1879 rem
767 1839 1004 1902 Longinus
1038 1838 1092 1878 de
1117 1838 1230 1878 subl.
1255 1851 1293 1878 c.
1317 1841 1372 1880 40
1395 1838 1613 1901 exemplis
1644 1840 1867 1880 illustrat.

216 1897 275 1935 cf.
308 1895 440 1947 Diog.
472 1896 527 1935 L.
547 1896 590 1944 4,
622 1897 699 1936 26:
732 1887 979 1961 ἐθαύμαζε
1003 1889 1056 1935 δε
1080 1888 1103 1935 ὁ
1120 1888 1356 1961 Κραντωρ
1377 1887 1571 1936 πάντων
1595 1889 1655 1947 δὴ
1688 1894 1871 1948 μᾶλλον

209 1943 418 2013 Ι’Όμηρον
464 1947 546 1991 καὶ
576 1926 864 2021 Εὐριπίδην,
913 1947 1061 2004 λέγων
1089 1945 1313 2013 ἐργῶδες
1361 1945 1487 1991 εἶναι
1535 1944 1584 1990 ἐν
1622 1949 1686 2005 τῷ
1724 1951 1870 2007 κυρίῳ

215 2004 445 2060 τραγικῶς
476 2020 577 2058 αμα
596 2006 681 2048 καὶ
712 2006 978 2059 συμπαθῶς
1008 1999 1210 2060 γράψαι.
1274 2006 1466 2047 eandem
1487 2007 1705 2047 virtutem
1727 2008 1870 2060 signi-

216 2063 319 2104 ficat
352 2063 647 2103 Archimedes
678 2063 817 2103 Anth.
851 2063 948 2102 Pal
983 2065 1020 2111 7,
1053 2064 1120 2104 50.

325 2118 395 2170 78)
430 2120 535 2159 Eur.
567 2120 680 2160 Hec.
713 2121 818 2159 814.
850 2118 899 2159 τί
928 2117 1053 2171 δῆτα
1083 2115 1263 2180 θνητοὶ
1295 2110 1450 2159 τᾶλλα
1479 2133 1570 2182 μεν
1598 2111 1871 2184 μαθήματα

212 2174 491 2238 μοχθοῦμεν
523 2169 582 2222 ὡς
615 2169 702 2229 χρὴ
735 2188 896 2215 παντα
926 2173 1008 2215 καὶ
1040 2167 1357 2227 μαστεύομεν,
1389 2168 1549 2216 πειθώ
1581 2170 1637 2217 δε
1670 2169 1759 2227 τὴν
1788 2167 1869 2216 τύ-

212 2244 388 2281 ραννον
420 2222 699 2283 ανθρώποις
731 2224 884 2285 μόνην
926 2223 1073 2272 ουδέν
1111 2245 1157 2271 τι
1193 2229 1376 2283 μᾶλλον
1409 2224 1456 2278 ἐς
1487 2227 1621 2278 τέλος
1660 2223 1869 2272 σπουδά-

239 2300 351 2340 ομεν
383 2302 458 2337 —03

212 2288 235 2338 ζ
323 2340 399 2395 79)
431 2343 758 2395 Aristophanes
790 2356 890 2384 cum
930 2343 1261 2395 loquacitatem
1292 2342 1506 2394 Euripidi
1536 2342 1679 2383 obicit
1712 2341 1869 2394 (velut

211 2399 325 2439 Ran.
359 2401 411 2439 91
444 2401 525 2439 954
558 2397 712 2452 1069),
752 2400 902 2452 magis
942 2399 1146 2440 locorum
1181 2399 1483 2438 communium
1515 2402 1791 2450 apparatum
1822 2404 1870 2438 et

211 2455 540 2507 digressionum
571 2455 796 2495 luxuriam
819 2460 1057 2508 spectasse
1093 2454 1327 2508 putandus
1350 2455 1444 2495 erit
1475 2467 1612 2507 quam
1632 2455 1869 2495 verborum

210 2511 394 2551 nimiam
428 2511 616 2563 copiam.

326 2565 397 2615 80)
431 2566 500 2605 De
525 2567 688 2618 quibus
721 2566 940 2606 iudicium
970 2567 1121 2607 habes
1145 2566 1384 2606 Ciceronis
1407 2566 1542 2618 epist.
1577 2565 1635 2605 ad
1667 2565 1773 2605 fam.
1799 2567 1866 2616 16,

210 2624 248 2671 8,
272 2623 322 2664 2;
355 2635 431 2673 eyo
463 2628 579 2662 certe
609 2624 796 2674 sinyulos
826 2624 915 2662 eius
947 2635 1098 2663 ver-sus
1117 2625 1283 2674 sinyula
1303 2624 1541 2663 testimonia
1567 2627 1686 2673 puto.
1725 2620 1869 2661 multa

209 2677 444 2730 paradoxa
474 2677 726 2730 Euripidea
760 2679 922 2718 acerbe
956 2679 1105 2718 irrisit
1134 2678 1486 2730 Aristophanes:
1520 2690 1602 2717 nos
1632 2676 1739 2717 huic
1770 2689 1870 2717 sen-

209 2735 457 2774 tentiarum
487 2734 639 2774 studio
671 2733 889 2786 plurimas
925 2734 1147 2774 debemus
1180 2738 1226 2774 et
1257 2733 1682 2786 praestantissimas
1716 2733 1866 2786 perdi-

210 2797 355 2830 tarum
385 2790 726 2841 tragoediarum
758 2789 995 2841 reliquias.

318 2845 390 2895 81)
415 2846 576 2910 Carpit
597 2845 828 2885 rhetorica
849 2846 946 2885 ista
971 2844 1182 2895 artificia,
1207 2836 1346 2907 οἷντιλ
1352 2844 1490 2913 ογιάς
1510 2842 1594 2886 καὶ
1617 2839 1869 2898 λογισμοὺς

208 2916 288 2942 και
328 2897 540 2954 στροφάς
570 2902 646 2944 Ar.
679 2901 792 2942 Ran.
827 2903 934 2951 775,
966 2902 1056 2956 qui
1095 2895 1305 2954 ποιητὴν
1340 2896 1565 2953 ῤἠμοὶτων
1607 2899 1868 2942 δικανικῶν
