2022 3126
237 116 278 157 X
752 114 835 155 DE
865 113 1173 157 EVRIPIDIS
1205 114 1348 155 VITA

235 238 388 289 αὑτοῦ
412 241 608 305 scripsi.
647 242 715 290 84
737 242 873 304 prius
893 239 976 289 καὶ
1001 241 1185 289 addidit
1203 238 1470 301 PssugkiUS.
1511 243 1575 290 95
1604 238 1865 288 ταλάντατε

237 310 442 360 Seidler.
482 313 546 360 97
566 306 632 369 ὥς
650 308 773 374 φησι
787 308 956 375 και]
917 329 984 369 ως
1006 323 1128 371 φασι
1148 309 1502 372 Rossignolius.
1540 311 1662 359 mihi
1683 303 1722 358 ὦ
1744 313 1868 371 φθι·

236 378 341 429 σικέ
390 378 461 428 vel
509 380 665 429 simile
713 380 827 444 quid
874 379 1026 428 latere
1075 378 1280 427 videtur.
1357 378 1592 427 adiectivo
1631 378 1870 466 φθισικός

234 450 556 499 Menandrum
601 464 743 499 usum
789 464 896 498 esse
944 450 1126 497 scimus
1174 448 1307 497 Com.
1349 450 1382 495 4
1418 451 1621 512 p.235.
1699 452 1797 499 105
1835 442 1870 515 ᾗ

236 518 328 585 ἐγώ
365 517 486 584 λέγω
523 520 822 583 scripserim.
891 520 988 567 112
1030 516 1376 584 ἐκκωμῳὸοῦσι
1421 519 1622 581 scripsi,
1673 516 1869 581 ἐκωμω-

235 590 379 638 δοῦσι
415 589 520 638 cod.
590 592 686 638 117
725 594 957 637 τοσοῦτον
990 589 1183 652 scripsi,
1222 593 1399 636 τοῦτον
1435 587 1541 636 cod.
1609 591 1706 637 119
1747 590 1869 635 Μα-

234 658 440 718 κεδόνας
468 659 656 721 scripsi,
698 655 975 707 Μακεδόνα
1001 657 1127 721 cod.‚
1166 656 1494 707 Μακεδονίαν
1521 657 1867 707 KirchhoffiuS.

239 733 334 779 131
375 728 468 792 ἔχει
505 746 546 778 ιε
586 727 693 777 cod.

263 1147 379 1207 DE
425 1143 859 1207 EVRIPIDIS
903 1144 1114 1206 VITA
1158 1141 1410 1206 POESI
1453 1143 1840 1207 INGENIO.

339 1288 408 1338 De
447 1288 540 1336 vita
577 1286 821 1350 Euripidis
857 1301 984 1351 quae
1031 1284 1174 1334 nobis
1224 1284 1399 1334 tradita
1438 1292 1552 1334 sunt
1589 1301 1680 1335 nec
1717 1285 1868 1335 multa

237 1373 326 1406 nec
365 1358 481 1407 satis
519 1363 677 1412 certa,
727 1355 934 1404 redeunt
972 1356 1076 1404 fere
1114 1355 1172 1404 ad
1222 1355 1678 1406 commentariolum
1719 1372 1869 1420 supra

238 1427 519 1482 exhibitum,
560 1428 643 1490 qui
679 1426 871 1474 tametsi
909 1424 1201 1474 Philochoro
1221 1422 1254 1491 ¹)
1295 1432 1344 1473 et
1391 1425 1755 1488 antiquioribus
1792 1442 1870 1475 re-

237 1511 343 1545 rum
382 1495 668 1545 auctoribus
694 1496 878 1551 nititur,
919 1494 1048 1544 haud
1075 1496 1237 1556 magni
1275 1501 1436 1542 tamen
1465 1502 1537 1544 est
1573 1497 1719 1558 pretii
1745 1497 1870 1546 mul-

239 1576 403 1631 tasque
450 1565 652 1615 fabellas
699 1566 852 1613 refert
889 1566 989 1613 sive
1027 1580 1054 1613 a
1091 1564 1292 1613 comicis
1339 1566 1497 1627 poetis
1545 1566 1731 1615 effictas
1770 1568 1870 1615 sive

237 1638 366 1699 vulgi
403 1650 488 1685 ore
536 1642 856 1700 propagataS,
906 1649 1025 1697 quas
1062 1635 1264 1683 litterati
1311 1633 1563 1690 homineS‚
1613 1642 1668 1684 ut
1703 1650 1870 1684 rerum

234 1708 449 1771 inopiam
496 1711 894 1768 compensarent,
943 1704 1166 1768 cupidius
1214 1719 1359 1768 quam
1405 1704 1698 1768 prudentius
1744 1708 1871 1755 arri-

234 1782 465 1841 puerunt.
541 1775 714 1823 eodem
753 1789 779 1821 e
817 1774 952 1823 fonte
996 1773 1215 1837 pendent
1262 1772 1443 1823 Gellius
1481 1773 1538 1822 N.
1576 1775 1630 1821 A.
1675 1777 1762 1830 15,
1806 1777 1873 1825 20

235 1854 285 1895 et
322 1846 496 1895 Suidas
535 1861 578 1892 V.
606 1840 902 1908 Εὐριπίδης,
940 1844 1057 1892 item
1094 1843 1190 1891 vita
1228 1858 1282 1891 ea
1322 1858 1447 1907 quae
1486 1844 1755 1893 sec-undum
1790 1843 1870 1893 Al-

235 1917 397 1965 dinam
436 1913 687 1977 Euripidis
724 1914 988 1962 editionem
1026 1911 1241 1961 Thomae
1279 1913 1510 1974 Magistro
1549 1927 1574 1960 a
1622 1914 1871 1979 plerisque

235 1985 464 2034 tribuitur
504 1983 562 2044 (v,
603 1984 966 2032 Westermanni
1004 1984 1168 2046 Βιογρ.
1207 1996 1255 2046 p.
1299 1985 1396 2031 139
1437 1995 1509 2044 sq.
1551 1989 1599 2030 et
1634 1983 1871 2032 Dindorfii

234 2054 394 2104 Schol.
434 2054 605 2118 Eurip.
646 2053 736 2102 vol.
780 2057 806 2101 1
859 2069 903 2116 p.
948 2052 1216 2117 11—13).
1292 2053 1481 2100 recenti
1525 2055 1762 2102 memoria
1810 2055 1871 2102 de

233 2132 407 2189 poetae
444 2126 541 2173 vita
581 2131 628 2173 et
663 2123 859 2186 ingenio
899 2122 1227 2187 disputarunt,
1267 2137 1329 2170 ne
1366 2121 1531 2185 plures
1569 2123 1792 2178 afferam,
1832 2123 1866 2173 1.

232 2194 480 2257 Pflugkius
526 2196 576 2242 in
632 2193 936 2257 praefatione
987 2192 1103 2241 Eur.
1153 2191 1247 2240 vol.
1302 2195 1327 2239 1
1378 2206 1421 2243 a.
1474 2194 1610 2242 1830
1657 2199 1705 2242 et
1750 2193 1870 2242 God.

233 2263 519 2327 Bernhardy
556 2264 606 2311 in
642 2262 834 2312 Erschii
871 2268 920 2311 et
965 2261 1177 2312 Gruberi
1214 2261 1414 2326 Encycl.
1454 2268 1573 2310 sect.
1612 2261 1633 2311 1
1669 2263 1764 2312 vol.
1806 2266 1870 2312 39

233 2349 264 2398 p
337 2403 491 2453 Natus
538 2408 612 2452 est
657 2401 943 2466 Euripides,
1008 2401 1165 2467 siquid
1222 2403 1421 2450 testium
1471 2404 1735 2451 consensui
1781 2403 1870 2451 tri-

233 2472 387 2522 buere
425 2472 560 2528 licet,
611 2471 788 2535 olymp.
831 2475 920 2527 75,
964 2475 990 2519 1
1031 2474 1130 2520 sive
1168 2486 1209 2520 a.
1249 2473 1353 2521 480
1403 2477 1515 2519 ante
1554 2470 1667 2520 Chr.
1707 2486 1753 2519 n.
1794 2486 1870 2519 ar-

235 2542 412 2591 chonte
451 2541 677 2597 Calliade,
719 2541 801 2591 die
838 2556 896 2589 eo
934 2556 1030 2606 quo
1059 2541 1375 2590 Salaminiam
1413 2542 1672 2590 victoriam
1699 2541 1872 2591 Graeci

350 2677 395 2734 1)
427 2679 726 2721 Philochorus
765 2680 812 2719 in
851 2680 952 2731 ipsa
989 2681 1087 2720 vita.
1124 2679 1355 2733 Euripidis
1392 2692 1459 2720 vs.
1499 2679 1554 2720 35
1592 2678 1713 2720 sieut
1752 2680 1874 2732 apud

236 2734 432 2777 Gellium
448 2741 495 2776 et
516 2735 702 2776 Suidam
719 2740 1108 2782 commemoratur,
1125 2736 1183 2776 cf.
1202 2735 1385 2776 Miilleri
1400 2736 1584 2787 Fragm.
1602 2735 1723 2775 Hist.
1740 2735 1831 2777 vol.
1851 2738 1872 2776 1

235 2806 278 2845 p.
298 2794 394 2836 412.
446 2791 723 2854 peculiarem
751 2788 860 2843 περὶ
884 2785 1153 2842 Εὐριπίδου
1175 2791 1532 2858 disputationem
1561 2794 1759 2831 testatur
1778 2790 1875 2831 Sui-

236 2848 316 2888 das
337 2860 380 2889 v.
399 2842 674 2901 Φιλόχοροςε
699 2847 840 2887 nihilo
858 2848 1005 2887 minus
1030 2841 1342 2887 crediderim'
1322 2861 1372 2888 εν
1389 2844 1451 2899 τῷ
1468 2842 1580 2896 περι
1597 2845 1874 2900 τραγῳδιῶν

238 2900 772 2953 (Sch01.Eur.Hec.1l
805 2902 858 2943 de
890 2902 1126 2956 Euripidis
1158 2903 1256 2943 vita
1287 2901 1607 2944 Philochorum
1639 2905 1804 2956 egisse.
