2022 3126
242 131 338 180 134

238 481 350 530 ΑΓ.

239 552 358 601 ΚΑ.

238 691 349 741 ΑΓ.

239 763 358 811 ΚΑ.

243 832 352 881 ΑΓ.

240 1044 358 1093 ΚΑ.

240 1340 373 1400 [ΑΓ.

240 1484 286 1530 A
291 1480 350 1530 Γ.

238 1693 337 1742 ΔΙ.

243 1832 350 1882 ΑΓ.

241 1973 350 2022 ΑΓ.

243 2466 354 2515 ΧΟ.

940 131 1215 178 ΒΑΚΧΑΙ

431 263 744 350 ἡγούμενος
767 265 1080 352 λόγχαισιν·
1119 261 1251 317 οὐδὲ
1279 264 1561 350 παύσομαι
1797 278 1904 322 1360

433 357 623 390 κακων
642 331 671 388 ὁ
699 333 949 418 τλήμων,
975 332 1109 389 οὐδὲ
1130 333 1229 387 τὸν
1249 335 1589 419 καταιβάτην

425 405 719 494 Ἀχέροντα
731 378 982 494 πλεύσας
1001 403 1205 490 ήσυχος
1224 404 1548 474 γενήσομαι.

427 479 468 530 ὦ
492 478 692 564 πάτερ,
716 474 822 560 ἐγω
847 474 906 529 δὲ
931 481 1034 529 σοῦ
1064 486 1316 545 στερεῖσα
1338 477 1627 544 φεύξομαι.

432 551 487 600 τί
512 545 560 616 μ’
585 544 953 616 ἀμφιβάλλεις
974 550 1188 614 χερσίν,
1213 547 1254 599 ὦ
1276 546 1509 600 τάλαινα
1535 556 1650 614 παῖ,

427 615 602 702 ὅρνιν
605 617 755 680 ὅπως
778 621 1002 686 κηφῆνα
1026 616 1337 685 πολιόχρων
1355 617 1589 680 κύκνον;
1800 629 1906 672 1365

426 699 524 741 ποῖ
539 709 645 763 γαρ
663 687 951 756 τράπωμαι
973 690 1234 753 πατρίδος
1252 686 1652 756 ἐκβεβλημένη·
1639 726 1653 749 ‚

423 756 528 811 ούκ
548 755 700 845 οἶδα,
722 759 943 811 τέκνον·
987 756 1181 843 μικρὸς
1203 758 1500 828 ἐπίκουρος
1523 755 1716 824 πατήρ.

425 825 582 912 χαῖρ’,
603 850 644 882 ω
667 829 974 911 μέλαθρον,
991 824 1154 917 χαῖρ’,
1179 849 1219 880 ω
1246 831 1445 892 πατρία

429 898 611 962 πόλις
651 900 882 952 ἐκλείπω
907 895 948 950 σ’
976 898 1062 951 ἐπὶ
1083 870 1354 968 δύστυχία

431 966 618 1038 φυγὰς
635 971 694 1022 ἐκ
714 967 1004 1038 θαλάμων.
1796 977 1908 1021 1370

425 1041 603 1109 στειχέ
617 1061 743 1108 νυν,
767 1060 807 1091 ω
832 1050 944 1108 παῖ,
969 1035 1068 1091 τὸν
1088 1035 1401 1105 Ἀρισταίου

430 1224 457 1253 *
601 1226 625 1252 *
771 1226 795 1251 *
941 1225 966 1250 *
1111 1226 1136 1249 *
1279 1224 1304 1250 *
1448 1224 1475 1251 ’Κ
1619 1223 1643 1248 *

427 1334 692 1403 στέρομαί
710 1348 796 1403 σε,
819 1334 1006 1400 πάτερ.
1083 1340 1202 1388 ΚΑ.
1255 1330 1406 1403 κᾶγω
1431 1333 1508 1402 σέ,
1531 1334 1745 1403 τέκνον,

426 1405 516 1458 καὶ
537 1405 634 1468 σὰς
655 1404 937 1491 ἐδάκρυσα
957 1405 1307 1473 κασιγνήτας.

428 1478 623 1539 ὁεινως
644 1496 766 1561 γαρ
776 1470 937 1528 τάνδ’
964 1479 1147 1528 αἰκίαν

425 1547 708 1609 Διόνυσος
728 1542 865 1609 α’ναξ
1793 1553 1905 1597 1375

431 1637 562 1680 τους
587 1614 722 1679 σούς
744 1619 819 1679 εἰς
839 1622 1029 1680 οἴκους
1051 1620 1266 1699 ἔφερεν.

430 1686 521 1740 καὶ
539 1686 644 1756 γὰρ
671 1690 911 1772 ἔπασχον
933 1689 993 1740 δε
998 1708 1089 1740 ινα
1112 1685 1250 1755 πρὸς
1269 1708 1447 1756 υμων,

429 1755 705 1840 άγέρατον
721 1753 872 1825 όνομ’
898 1759 1037 1826 ἔχων
1057 1759 1118 1811 ἐν
1139 1756 1364 1845 Θήβαις.
1409 1820 1429 1829 -

427 1839 607 1897 χαιρε,
632 1825 802 1892 πάτερ
854 1848 964 1895 μοι.
1039 1833 1159 1882 KA.
1201 1825 1334 1912 χαιρ’
1342 1870 1384 1912 ,
1379 1841 1419 1880 ω’
1442 1826 1607 1894 μελέα

429 1898 696 1985 θύγατερ.
735 1902 985 1965 χαλεπως
1015 1902 1089 1961 εἰς
1109 1896 1231 1952 τόδ’
1257 1894 1327 1951 ἂν
1348 1894 1520 1967 ήκοις.
1797 1905 1906 1950 1380

427 1965 569 2036 ἄγετ’
595 1990 636 2021 ω
661 1971 873 2050 πομποί
889 1989 971 2036 με,
995 1969 1329 2055 κασιγνήτας

424 2041 518 2091 ι’να
537 2036 909 2123 συμφυγάδας
930 2035 1199 2107 ληψόμεθ’
1227 2038 1465 2105 οικτράς.

429 2113 648 2177 ἔλθοιμι
670 2104 721 2160 6'
749 2104 892 2160 ὅπου

429 2179 563 2264 μήτε
581 2161 878 2245 Κιθαιρών
901 2178 1096 2264 μιαρός
1119 2177 1185 2247 [μ’
1221 2181 1413 2243 ἐσίδοι]

429 2250 563 2336 μήτε
583 2246 893 2313 Κιθαιρων’
919 2246 1171 2303 όσσοισιν
1195 2248 1320 2319 ἐγώ,
1790 2257 1904 2302 1385

429 2316 558 2389 μήθ’
586 2317 683 2374 ὅθι
710 2320 935 2405 θύρσου
960 2317 1120 2388 μνῆμ’
1147 2317 1453 2373 ἀνάκειται·

427 2390 667 2459 Βάκχαις
688 2385 740 2442 6'
764 2387 982 2443 άλλαισι
1004 2390 1238 2458 μέλοιεν.

428 2468 532 2514 πολ
538 2461 625 2513 λαὶ
644 2462 856 2548 μορφαὶ
876 2464 988 2512 τῶν
1011 2462 1331 2530 δαιμονίων,

429 2528 606 2584 πολλὰ
632 2527 684 2583 δ’
709 2529 956 2593 ἀέλπτως
975 2535 1269 2617 κραίνουσι
1288 2534 1438 2586 θεοί·

429 2605 521 2654 καὶ
547 2600 612 2653 τὰ
637 2596 925 2686 δοκηθέντ’
952 2597 1056 2653 οὐκ
1079 2602 1358 2672 ἐτελέσθη,
1795 2608 1905 2652 1390

427 2692 540 2724 των
562 2668 614 2723 δ’
629 2668 930 2757 ἀδοκήτων
947 2670 1125 2738 πόρον
1143 2673 1280 2740 ηὑρε
1305 2668 1457 2733 θεός.

430 2737 641 2794 τοιόνδ’
664 2738 840 2811 ἀπέβη
867 2741 997 2794 τόδε
1017 2746 1256 2810 πρᾶγμα.
1261 2750 1279 2805 ]

921 2966 1222 2973 ——-—
