2022 3126
205 86 297 136 [92

198 749 311 798 XO.

199 920 306 968 ΕΛ.

912 86 1170 134 ΕΛΕΝΗ

387 224 619 300 μόλοιμ’,
646 224 967 297 ἀναρπάσας
995 223 1055 287 δῖ
1085 233 1310 305 αἰθέρος

387 311 554 368 τάνδε
580 326 746 383 γαῖαν
773 317 849 377 εἰς
874 309 1119 387 ἄνολβον

391 403 510 470 ἔριν
536 403 655 469 ἔριν
679 396 943 453 τάλαιναν
969 403 1130 457 ἔθετο

386 487 788 555 Πριαμίδαισιν
806 479 1082 552 Ἑλλάδος.

390 566 450 624 τὸ
478 564 530 623 δ’
559 563 693 639 ἐμὸν
717 564 892 638 ὄνομα
917 570 1066 641 παρὰ
1089 576 1449 642 Σιμουντίοις
1479 572 1661 637 ῥοαῖσι
1785 584 1868 626 25ss

385 657 653 724 μαψίδιον
678 658 788 724 ἔχει
812 653 998 725 φάτιν.

386 745 524 809 ἔχεις
548 738 650 810 μὲν
675 735 899 809 ἀλγείν’,
928 739 1079 795 οἶδα·
1115 740 1407 812 σύμφορον
1440 743 1504 795 δέ
1525 757 1615 795 σοι

387 821 458 889 ὠς
483 825 654 898 ῥᾷστα
678 821 983 894 τάναγκαῖα
1007 832 1109 881 τοῦ
1135 831 1265 897 βίον
1291 826 1503 897 φέρειν.

386 914 544 979 φίλαι
569 923 858 980 γυναῖκες,
885 916 996 965 τίνι
1023 911 1212 985 πότμῳ
1236 911 1578 982 συνεζύγην;
1786 923 1867 965 255

385 987 464 1066 ἆρ’
493 991 526 1065 ἡ
551 994 790 1049 τεκοῦσά
819 992 867 1065 μ’
899 1001 1085 1051 ἔτεκεν
1110 994 1433 1067 ἀνθρώποις
1457 998 1645 1066 τέρας;

389 1077 549 1151 [γυνὴ
577 1078 682 1150 γὰρ
709 1076 831 1134 οὔθ’
861 1077 1107 1152 Ἑλληνὶς
1131 1078 1260 1136 οὔτε
1288 1079 1567 1152 βάρβαρος

385 1171 576 1235 τεῦχος
600 1171 848 1220 νεοσσῶν
876 1164 1082 1223 λευκὸν
1111 1163 1480 1237 ἐκλοχεύεται,

382 1254 442 1307 ἐν
470 1244 513 1326 ᾦ
536 1274 603 1322 με
626 1251 821 1321 Λήδαν
846 1254 1020 1322 φασὶν
1048 1256 1107 1308 ἐκ
1139 1252 1280 1317 Διὸς
1307 1257 1528 1320 τεκεῖν]

384 1339 544 1407 τέρας
568 1334 673 1407 γὰρ
700 1333 727 1390 ὁ
754 1342 875 1407 βίος
906 1339 999 1393 καὶ
1023 1336 1088 1393 τὰ
1112 1334 1387 1410 πράγματ’
1418 1341 1536 1393 ε’στί
1558 1360 1667 1408 μοι,
1784 1350 1865 1394 260

382 1420 447 1477 τὰ
472 1422 574 1493 μὲν
600 1417 879 1492 δι’ἽΙρανᾖ
906 1422 972 1477 τὰ
1001 1423 1063 1478 δὲ
1086 1421 1146 1478 τὸ
1176 1421 1377 1488 κάλλος
1401 1431 1597 1479 αἴτιον.

385 1504 486 1563 εἴθ’
517 1505 890 1578 ἐξαλειφθεῖσ’
923 1505 994 1573 ὥς
1019 1505 1208 1580 ἄγαλμ’
1239 1501 1409 1573 αὖθις
1437 1508 1604 1563 πάλιν

383 1602 600 1664 αἴσχιον
629 1592 773 1658 εἶδος
799 1589 922 1649 ἀντὶ
948 1600 1047 1649 τοῦ
1072 1599 1247 1649 καλοῦ
1281 1599 1499 1664 ἔλαβον,

383 1681 476 1734 καὶ
499 1677 595 1743 τὰς
619 1678 788 1749 τύχας
811 1678 913 1750 μὲν
937 1677 1032 1744 τὰς
1057 1677 1230 1743 κακὰς
1255 1676 1318 1744 ἂς
1341 1685 1451 1735 νῦν
1478 1685 1581 1749 ἔχω

366 1761 630 1836 ’Έλληνες
661 1764 1031 1835 ἐπελάθοντο,
1061 1763 1155 1829 τὰς
1181 1764 1242 1820 δε
1265 1763 1338 1836 μὴ
1365 1787 1536 1828 κακας
1781 1778 1865 1822 265

384 1856 586 1918 ἔσωζον
612 1847 796 1920 ω’σπερ
822 1848 917 1915 τὰς
941 1849 1112 1915 κακὰς
1137 1850 1381 1917 σώζουσί
1399 1872 1525 1921 μου.

382 1954 530 2001 οστις
559 1935 660 2006 μὲν
687 1937 792 1990 ούν
818 1941 892 2001 εἰς
919 1942 1053 2006 μίαν
1079 1933 1411 2006 αποβλέπων
1441 1935 1613 2005 τύχην

383 2018 520 2093 πρὸς
545 2026 699 2076 θεῶν
723 2027 1008 2088 κακοῦται,
1035 2019 1182 2089 βαρὺ
1212 2023 1331 2090 μέν,
1368 2022 1582 2075 οἰστέον
1608 2018 1662 2076 δ’
1692 2040 1863 2093 ομως·

383 2103 538 2177 ἡμεῖς
565 2106 627 2161 δε
652 2112 877 2170 πολλαῖς
902 2118 1216 2178 συμφοραῖς
1243 2108 1560 2176 ἐγκείμεθα.

385 2197 606 2263 πρῶτον
632 2214 733 2262 μεν
759 2187 862 2246 οὐκ
890 2188 1015 2246 ούσ’
1045 2187 1262 2260 άδικος,
1293 2192 1402 2261 είμι
1427 2191 1725 2263 δυσκλεής
1781 2205 1864 2249 270

383 2278 477 2332 καὶ
500 2299 665 2332 τουτο
690 2283 874 2347 μεῖζον
899 2281 993 2347 τῆς
1018 2272 1287 2347 ἀληθείας
1311 2276 1502 2347 κακόν,

383 2359 531 2427 ὅστις
555 2360 620 2417 τὰ
643 2360 716 2433 μὴ
741 2361 1022 2433 προσόντα
1046 2363 1302 2432 κέκτηται
1327 2361 1487 2417 κακά.

382 2453 569 2503 ἔπειτα
593 2451 859 2519 πατρίδος
883 2453 1016 2502 θεοί
1034 2443 1083 2517 μ’
1113 2444 1499 2517 ἀφιδρύσαντο
1527 2452 1625 2519 γῆς

385 2538 460 2598 εἰς
483 2529 712 2604 βάρβαρ’
741 2529 875 2604 ἤθη,
903 2534 996 2587 καὶ
1023 2538 1205 2603 φίλων
1231 2534 1513 2603 τητωμένη

382 2618 555 2688 δούλη
581 2615 870 2690 καθέστηκ’
900 2609 1023 2673 οῧσ’
1055 2619 1372 2689 ἐλευθέρων
1398 2614 1529 2673 ἄπο·
1780 2627 1861 2672 275

381 2700 448 2758 τὰ
470 2703 773 2775 βαρβάρων
796 2701 901 2775 γὰρ
927 2707 1103 2758 δοῦλα
1129 2703 1307 2758 πάντα
1334 2701 1480 2774 πλὴν
1503 2700 1641 2766 ἑνός.

381 2786 598 2860 ἄγκυρα
624 2793 657 2843 δ
663 2785 676 2806 '
704 2785 740 2860 ἦ
762 2812 870 2859 μου
894 2786 989 2853 τὰς
1015 2788 1182 2859 τύχας
1208 2784 1336 2858 ὤχει
1361 2787 1521 2858 μόνη,

382 2872 548 2930 πόσιν
571 2870 698 2928 ποθ’
726 2871 878 2938 ἥξειν
905 2879 1004 2929 καί
1019 2870 1067 2936 μ’
1097 2870 1431 2934 ἀπαλλάξειν
1454 2875 1659 2938 κακῶν,
