2022 3126
205 69 301 128 132

204 208 322 257 KA.

201 277 313 326 AF.

200 348 321 396 KA.

201 415 312 466 AF.

203 487 322 536 KA.

201 555 315 605 AF.

201 626 321 674 KA.

201 695 314 744 AF.

201 765 319 813 KA.

202 835 314 883 AF.

202 905 321 953 ΚΑ.

203 974 314 1023 AF.

204 1044 324 1092 KA.

205 1113 317 1163 AF.

207 1254 316 1304 AF.

210 1324 324 1373 KA.

917 72 959 116 B
968 71 1191 117 AKXAI

393 200 615 288 δύστην’
641 199 874 289 ἀλήθει’,
898 198 972 265 ὡς
992 202 1051 254 ἐν
1074 200 1142 255 ού
1165 206 1341 274 καιρῷ
1348 202 1539 289 πάρει.

389 269 517 359 λέγ’,
547 269 619 335 ὡς
637 270 697 324 τὸ
722 244 922 339 μέλλον
940 275 1140 339 καρδία
1162 258 1360 341 πήδημ’
1386 275 1510 340 ἔχει.

392 344 464 396 σύ
483 364 574 396 νιν
595 343 856 404 κατέκτας
875 343 966 394 καὶ
965 346 1311 427 κασίγνηται
1333 343 1516 395 σέθεν.

389 417 500 465 ποῦ
521 409 577 465 δ’
603 408 785 464 ὤλετ’·
771 451 786 475 ,
811 417 844 480 ἠ
866 408 977 464 κατ’
1003 432 1185 476 οικον;
1208 407 1243 480 ἢ
1266 416 1444 474 ποίοις
1464 411 1680 477 τόποις;
1758 426 1866 469 129⁰

391 475 567 568 οὗπερ
589 482 722 549 πρὶν
737 477 1038 535 Ἀκταίωνα
1059 481 1312 549 διέλαχον
1332 481 1515 544 κύνες.

388 556 441 604 τί
458 549 509 604 5'
538 555 612 614 εἰς
632 548 940 619 Κιθαιρῶν’
963 544 1105 620 ἦλθε
1127 554 1449 619 δυσδαίμων
1468 549 1592 605 ὅδε·
1581 594 1594 617 ,

391 620 672 688 ἐκερτόμει
697 620 839 675 θεὸν
859 620 958 684 σάς
978 642 1034 673 τε
1055 625 1313 705 βακχείας
1331 619 1537 689 μολών.

393 689 546 778 ἡμεῖς
567 689 620 744 δ’
646 694 820 744 ἐκεῖσε
839 696 948 743 τίνι
967 692 1157 762 τρόπῳ
1176 691 1522 759 κατήραμεν·
1509 732 1523 756 ,

389 761 650 843 ἐμάνητε,
673 760 820 814 πᾶσά
841 759 880 814 τ’
908 747 1280 845 ἐξεβακχεύθη
1303 761 1476 825 πόλις.
1756 772 1867 816 1295

391 830 673 916 Aco'vv609
697 828 837 900 ἡμᾶς
859 827 1036 899 ω’λεσ),
1061 827 1184 913 άρτι
1205 830 1497 916 μανθάνω.

393 908 528 987 ὑμῖν
546 899 862 988 ὑβρισθείς·
902 873 1043 955 θεὸν
1063 901 1169 969 γὰρ
1189 898 1292 969 οὐχ
1312 897 1544 968 ἡγεῖσθέ
1560 921 1665 952 νιν.

391 971 452 1024 τὸ
480 975 744 1057 φίλτατον
767 971 827 1024 δὲ
849 987 1005 1039 σωμα
1027 975 1139 1024 ποῦ
1158 970 1354 1034 παιδός
1369 1012 1384 1040 ,
1406 970 1602 1037 πάτερ;

403 1040 509 1112 ἐγώ
533 1042 696 1126 μόλις
708 1037 828 1094 τόδ’
861 1040 1222 1109 ἐξερευνήσας
1242 1042 1411 1109 φέρω.

393 1113 426 1179 ἡ
450 1115 561 1164 πᾶν
581 1113 640 1163 ἐν
661 1107 897 1176 άρθροις
917 1112 1368 1181 συγκεκλῃμένον
1394 1114 1599 1173 καλῶςς
1760 1122 1872 1166 1300

394 1189 1507 1218 ************

390 1257 607 1305 Πενθει
622 1251 681 1304 δὲ
701 1255 756 1303 τί
772 1253 936 1335 μέρος
956 1250 1281 1336 ἀφροσύνης
1302 1247 1528 1319 προσῆκ’
1555 1250 1711 1318 ε’μῆς;

396 1318 530 1389 ὑμῖν
530 1317 758 1404 ἐγένεθ’
793 1318 1008 1403 ὅμοιος,
1033 1317 1100 1373 οὐ
1123 1322 1302 1390 σέβων
1321 1321 1478 1374 θεόν.

393 1387 585 1475 τοιγὰρ
607 1395 824 1458 συνῆψε
846 1390 1056 1453 πάντας
1079 1393 1153 1453 εἰς
1174 1395 1304 1457 μίαν
1327 1391 1559 1475 βλάβην,

390 1458 533 1547 ὑμᾶς
551 1481 608 1513 τε
629 1459 792 1514 τόνδε
812 1458 886 1529 θ’,
909 1457 1049 1513 ω’στε
1069 1462 1313 1513 διολέσαι
1334 1459 1541 1528 δόμους

393 1528 514 1600 κάμ’
523 1573 536 1597 ,
559 1527 708 1593 ὅστις
729 1502 959 1593 ἄτεκνος
984 1527 1237 1601 02-965'225271
1258 1533 1472 1583 παίδων
1493 1527 1667 1598 γεγώς
1765 1540 1870 1583 1305

397 1606 492 1669 τῆς
517 1606 614 1668 σῆς
634 1597 751 1653 τόδ’
777 1604 964 1668 ἔρνος,
987 1622 1028 1653 ω
1051 1599 1285 1654 τάλαινα
1301 1600 1546 1686 ,νηδύος

395 1677 644 1756 αἴσχιστα
665 1693 756 1724 και
776 1670 1008 1724 κάκιστα
1028 1642 1369 1723 κατθανόνθ’
1396 1674 1527 1739 ορω,

392 1763 432 1794 ω
459 1737 589 1825 &cogi
616 1737 870 1810 άνέβλεφ’
877 1782 892 1809 ,
914 1737 974 1803 ὃς
1001 1751 1275 1824 συνεῖχες,
1299 1762 1341 1793 ω
1364 1740 1579 1808 τέκνον,

396 1798 608 1878 τούμὸν
629 1811 938 1880 μέλαθρον
960 1807 1154 1873 παιδὸς
1177 1812 1228 1873 ἐξ
1253 1812 1382 1879 ἐμῆς
1405 1810 1597 1878 γεγώς,

396 1879 553 1933 πόλει
574 1901 630 1933 τε
650 1880 852 1950 τάρβος
870 1882 1044 1965 ἦσθα·
1085 1880 1184 1933 τὸν
1207 1882 1448 1963 γέροντα
1467 1880 1528 1932 55
1761 1891 1873 1933 1310

398 1947 582 2013 οὐδεὶς
601 1947 850 2033 ὑβρίζειν
871 1947 1020 2024 ἤθελ’
1048 1954 1282 2015 εἰσορων
1303 1950 1363 2002 τὸ
1390 1948 1492 2002 σὸν

398 2019 566 2087 κάρα·
608 2022 768 2107 δίκην
789 2041 893 2087 γαρ
917 2016 1073 2083 ἀξίαν
1093 2020 1419 2103 ἐλάμβανεν

398 2094 506 2142 νῦν
529 2086 579 2142 δ’
605 2091 663 2142 ἐκ
686 2088 917 2176 δόμων’
894 2088 1097 2175 άτιμος
1107 2088 1507 2158 ἐκβεβλήσομαι

397 2157 424 2213 5
447 2159 672 2227 Κάδμος
692 2168 719 2212 5
743 2162 936 2228 μέγας,
960 2157 1021 2221 ὃς
1041 2159 1100 2212 τὸ
1126 2162 1388 2245 Θηβαίων
1408 2159 1568 2225 γένος

398 2233 623 2299 ἔσπειρα
643 2218 934 2316 κάξήμησα
945 2227 1047 2282 κάλ
1052 2236 1239 2282 λιστον
1256 2231 1450 2315 θέρος.
1758 2240 1869 2284 1315

399 2320 440 2352 ω
468 2297 675 2367 φίλτατ’
691 2297 950 2386 ἄνδρων,
974 2298 1182 2374 καὶγαρ
1207 2295 1382 2351 οὐκέτ’
1407 2293 1488 2350 ω“ν
1510 2295 1658 2366 ὅμως

399 2374 512 2422 τῶν
535 2370 818 2438 φιλτάτων
839 2366 1005 2437 ἔμοιγ’
1033 2366 1360 2437 ἀριθμήσει,
1383 2369 1600 2436 τέκνον,

399 2436 584 2493 οὐκέτι
607 2445 823 2524 γενείου
846 2442 1010 2492 τοῦδε
1031 2438 1321 2506 θιγγάνων
1347 2442 1480 2506 χερί,

398 2508 498 2562 τὸν
519 2508 724 2597 μητρός
745 2506 938 2562 αὐδῶν
960 2509 1165 2574 πατέρα
1184 2507 1552 2575 προσπτύξει,
1575 2509 1790 2574 τέκνον,

400 2578 603 2646 λέγων·
627 2584 707 2642 τίς
728 2577 931 2648 ἀδικεῖ,
953 2583 1033 2641 τίς
1054 2575 1099 2630 6⁷
1127 2575 1396 2661 ἀτιμάζει,
1421 2577 1615 2659 γέρον;
1760 2587 1873 2632 1320

402 2655 480 2711 τίς
494 2647 605 2734 σὴν
627 2648 887 2713 ταράσσει
907 2651 1141 2714 καρδίαν
1161 2645 1408 2733 λυπηρός
1422 2644 1528 2699 ω’ν·
1516 2688 1529 2711 ,

400 2715 528 2787 λέγ’,
552 2726 624 2781 ως
644 2719 851 2782 κολάζω
874 2718 976 2772 τὸν
995 2715 1299 2770 ἀδικοῦντά
1325 2714 1393 2785 σ’,
1418 2718 1459 2769 ὠ
1483 2715 1671 2803 πάτερ.

403 2793 510 2840 νῦν
534 2785 587 2840 δ’
613 2785 681 2840 ά
656 2795 809 2851 Ο’λιος
829 2789 929 2856 μέν
952 2784 1046 2856 ειμ’
1081 2787 1218 2857 ἐγώ,
1240 2786 1461 2870 τλήμων
1483 2784 1542 2839 δε
1563 2787 1651 2852 σύ,

403 2856 591 2924 οἰκτρὰ
623 2857 683 2910 δε
704 2879 880 2925 μήτηρ
896 2901 909 2926 ,
934 2858 1201 2925 τλήμονες
1223 2856 1282 2910 δε
1303 2855 1587 2924 σύγγονοι
