2022 3126
116 577 234 624 ΘΗ.

118 661 164 708 Α
168 660 223 709 Ρ.

112 2098 224 2146 ΧΟ.

111 2519 210 2570 ΙΠ.

737 96 1159 144 ΙΠΠΟΛΤΓΟΣ
1667 96 1762 147 457

307 229 366 299 ὃς
393 233 520 291 οὔτε
543 241 728 292 πίστιν
754 231 881 290 οὔτε
905 232 1156 304 μάντεων
1184 231 1294 290 ὄπα

305 325 550 390 ἔμεινας,
577 316 680 376 οὐκ
702 314 956 389 ἤλεγξας,
982 316 1049 374 οὐ
1073 317 1253 393 χρόνῳ
1278 329 1467 394 μακρῷ

303 406 498 469 σκέψιν
523 405 801 474 παρέσχες,
828 400 965 457 ἄλλα
987 408 1202 457 θᾶσσον
1225 400 1261 473 ἤ
1286 400 1337 457 σ’
1368 406 1533 473 ἐχρῆν

304 486 439 559 άρὰς
463 490 669 558 ἐφῆκας
692 488 850 543 παιδὶ
871 489 965 542 καὶ
988 489 1327 552 κατέκτανες.

304 569 571 641 δέσποιν’,
596 569 844 642 ὀλοίμην.

860 652 1001 710 δείν’
1032 657 1290 727 ἔπραξας,
1317 653 1440 711 ἀλλ’
1469 654 1616 728 ὅμως
1660 670 1768 715 1325

303 736 378 795 ἔτ’
412 745 524 796 ἔστι
552 739 639 796 σοὶ
653 741 749 795 καὶ
771 745 947 795 τῶνδε
971 739 1300 810 συγγνώμης
1322 754 1508 811 τυχεῖν
1523 760 1534 770 ·

302 823 520 896 Κύπρις
544 822 648 896 γὰρ
671 820 835 894 ἤθελ’
865 822 1003 879 ὥστε
1027 829 1321 894 γίγνεσθαι
1344 825 1490 895 τάδε,

305 914 592 979 πληροῦσα
614 908 818 979 θυμόν.
875 917 1059 963 θεοῖσι
1082 906 1137 962 δ’
1169 899 1268 962 οἷδ’
1299 914 1406 979 ἔχει
1434 910 1626 981 νόμος·

304 989 487 1059 οὐδεὶς
511 990 758 1048 ἀπαντᾶν
782 993 1039 1063 βούλεται
1062 998 1351 1066 προθυμίᾳ

302 1083 367 1150 τῇ
391 1082 490 1132 τοῦ
515 1078 802 1146 θέλοντος,
829 1074 949 1131 ἀλλ’
976 1073 1345 1147 άφιστάμεσθ’
1373 1075 1475 1133 άεί.
1661 1094 1772 1137 1330

305 1162 424 1231 ἐπεὶ
446 1158 578 1231 σάφ’
608 1169 755 1230 ἴσθι,
779 1167 933 1232 Ζῆνα
957 1159 1029 1232 μὴ
1056 1163 1378 1232 φοβουμένη

304 1243 406 1300 οὐκ
433 1242 502 1301 ἅν
527 1242 648 1300 ποτ’
675 1237 857 1316 ἦλθον
887 1251 962 1310 εἰς
985 1243 1104 1301 τόδ’
1137 1245 1398 1318 αἰσχύνης
1423 1246 1529 1318 ἐγώ

302 1326 430 1385 ὥστ’
463 1327 640 1401 ἄνδρα
664 1329 887 1386 πάντων
913 1336 1177 1401 φίλτατον
1201 1336 1417 1401 βροτῶν
1442 1334 1560 1402 ἐμοὶ

301 1423 501 1470 θανεῖν
525 1417 696 1470 ἐᾶσαι,
756 1414 856 1486 τὴν
879 1415 941 1470 δὲ
965 1413 1069 1485 σὴν
1092 1411 1364 1487 ἁμαρτίαν

300 1496 360 1555 τὸ
386 1497 458 1571 μὴ
486 1501 688 1555 εἰδέναι
712 1500 813 1570 μὲν
836 1506 1056 1571 πρῶτον
1080 1500 1264 1554 ἐκλύει
1286 1500 1455 1570 κάκης
1472 1518 1483 1529 ·
1659 1516 1765 1559 1335

302 1589 486 1639 ἔπειτα
511 1581 562 1639 δ’
589 1581 622 1654 ἡ
646 1581 884 1640 θανοῦσ’
915 1582 1198 1653 ἀνήλωσεν
1221 1583 1364 1655 γυνὴ

301 1667 482 1739 λόγων
507 1670 762 1739 ἐλέγχους
786 1665 924 1724 ὥστε
949 1668 1053 1739 σὴν
1075 1681 1259 1724 πεῖσαι
1285 1671 1478 1741 φρένα.

299 1753 529 1817 μάλιστα
552 1755 654 1824 μέν
677 1777 785 1808 νυν
808 1754 895 1809 σοὶ
917 1750 1033 1808 τάδ’
1064 1759 1308 1824 ἔρρωγεν
1329 1754 1487 1823 κακά,

301 1837 447 1908 λύπη
474 1837 534 1893 δὲ
560 1835 748 1908 κάμοί·
774 1836 901 1903 τοὺς
924 1836 1028 1909 γὰρ
1056 1835 1302 1910 εὐσεβεῖς
1329 1839 1454 1894 θεοὶ

296 1922 642 1993 θνήσκοντας
659 1920 725 1977 οὐ
742 1928 1020 1994 χαίρουσι·
1047 1922 1177 1988 τούς
1194 1946 1257 1994 γε
1274 1921 1383 1995 μὴν
1400 1944 1607 1988 κακους
1656 1936 1766 1979 1340

298 2003 485 2072 αὐτοῖς
507 2008 748 2062 τέκνοισι
773 2008 863 2061 καὶ
889 2007 1078 2078 δόμοις
1102 2007 1413 2079 ἐξόλλυμεν.

293 2092 386 2146 καὶ
409 2089 518 2163 μὴν
543 2087 572 2146 ὃ
599 2091 761 2157 τάλας
785 2088 881 2147 ὅδε
906 2090 975 2163 δὴ
1000 2097 1217 2163 στείχει,

297 2172 503 2246 σάρκας
524 2174 725 2247 νεαρὰς
751 2177 959 2242 ξανθόν
983 2199 1041 2232 τε
1063 2176 1205 2246 κάρα

299 2264 712 2330 διαλυμανθείς.
774 2254 817 2314 ὦ
842 2261 1009 2326 πόνος
1032 2269 1219 2331 οἴκων,

298 2340 418 2398 οἷον
441 2343 685 2416 ἐκράνθη
712 2348 947 2416 δίδυμον
970 2344 1270 2417 μελάθροις
1655 2357 1764 2400 1345

301 2429 507 2493 πένθος
536 2428 749 2484 θεόθεν
774 2429 1135 2500 καταληπτόν.

299 2518 418 2568 αἰαῖ
437 2517 578 2568 αἰαῖ·

301 2596 567 2668 δύστηνος
597 2597 720 2669 ἐγώ,
749 2597 953 2664 πατρὸς
980 2600 1031 2664 ἐξ
1063 2597 1260 2654 ἀδίκου

295 2694 554 2753 χρησμοῖς
579 2678 790 2747 ἀδίκοις
816 2681 1216 2754 διελυμάνθην,

303 2763 560 2821 ἀπόλωλα
583 2766 774 2836 τάλας,
802 2773 948 2837 οἴμοι
976 2788 1083 2837 μοι.
1653 2778 1766 2822 1350

300 2849 391 2904 διά
413 2872 520 2921 μου
543 2856 787 2920 κεφαλῆς
811 2847 1043 2924 ᾅσσουσ’
1071 2849 1290 2923 ὀδύναι,
