2022 3126
198 96 297 150 102

197 1352 329 1401 TEI.

194 2374 301 2423 XO.

862 105 1130 153 BAKXAI

386 248 474 314 τῆς
500 247 596 314 σῆς
621 238 813 306 ἄνοίας
836 241 998 298 τόνδε
1027 241 1125 298 τὸν
1154 245 1490 302 διδάσκαλον

383 332 547 399 δίκην
570 328 796 397 μέτειμι.
829 329 1082 398 στειχέτω
1108 351 1186 393 τις
1213 326 1285 394 ὡς
1308 331 1482 402 τάχος,

382 411 566 468 ἐλθών
592 411 653 466 δὲ
679 410 892 477 θάκους
918 409 1075 467 τοῦδ’
1105 411 1170 468 ἵν’
1199 420 1568 472 οἰωνοσκοπεῖ

379 504 597 568 μοχλοῖς
620 501 873 567 τριαίνου
897 493 1246 569 κάνάτρεψον
1272 505 1523 571 ἔμπαλιν,

378 579 493 638 ἅνω
518 580 662 636 κάτω
685 578 752 636 τὰ
775 580 953 636 πάντα
981 584 1214 652 συγχέας
1239 581 1397 655 ὁμοῦ,

378 668 470 722 καὶ
491 661 738 737 στέμματ’
769 661 989 737 ἀνέμοις
1012 668 1105 722 καὶ
1132 669 1461 724 θυέλλαισιν
1491 672 1675 741 μέθες.

376 752 609 823 μάλιστα
632 750 736 823 γάρ
763 773 855 806 νιν
879 750 1108 822 δήξομαι
1133 752 1339 823 δράσας
1362 753 1511 810 τάδε.

374 832 428 894 οἳ
453 834 506 892 δ’
537 833 642 891 ἀνα
667 835 827 891 πόλιν
851 842 1159 907 στείχοντες
1185 838 1531 909 ἐξιχνεύσατε

375 920 472 978 τὸν
496 920 867 993 θηλύμορφον
890 922 1076 991 ξένον,
1103 918 1162 987 ὃς
1192 924 1437 995 εἰσφέρει
1460 923 1626 980 νόσον

375 1005 575 1077 καινὴν
604 1007 824 1078 γυναιξὶ
847 1008 940 1061 καὶ
965 1008 1092 1078 λέχη
1120 1014 1462 1078 λυμαίνεται.

377 1088 586 1162 κᾶνπερ
610 1091 837 1163 λάβητε,
866 1093 1092 1163 δέσμιον
1117 1093 1425 1163 πορεύσατε

376 1173 522 1249 δεῦρ’
551 1174 740 1247 αὐτόν,
769 1199 840 1241 ως
865 1173 933 1232 ἂν
957 1183 1223 1284 λευσίμου
1251 1183 1408 1250 δίκης
1433 1178 1617 1248 τυχών

374 1259 525 1334 θάνῃ
549 1261 753 1334 πικρὰν
777 1261 1078 1333 βάκχευσιν
1103 1265 1162 1318 ἐν
1189 1264 1395 1335 Θήβαις
1420 1263 1573 1319 ἰδών.

380 1348 420 1401 ω
447 1343 659 1417 σχέτλι’
688 1344 759 1411 ὡς
787 1344 890 1402 οὐκ
917 1347 1083 1403 οἶσθα
1108 1354 1215 1403 ποῦ
1248 1346 1359 1404 ποτ’
1398 1348 1445 1404 εἷ
1468 1348 1667 1420 λόγων.

374 1433 616 1503 μέμηνας
640 1428 744 1503 ἤδη
771 1434 900 1487 καὶ
887 1434 1019 1504 πρὶν
1045 1434 1258 1505 ἐξέστης
1284 1440 1528 1505 φρενῶν.

376 1523 674 1589 στείχωμεν
699 1514 878 1589 ἡμεῖς,
906 1518 1114 1589 Κάδμε,
1142 1516 1528 1590 κάξαιτώμεθα

374 1600 512 1673 ὑπέρ
544 1625 601 1658 τε
624 1602 825 1659 τούτου
851 1609 1048 1675 καίπερ
1075 1600 1233 1669 ὄντος
1258 1601 1458 1676 ἀγρίου

376 1685 517 1758 ὑπέρ
542 1711 599 1743 τε
623 1688 862 1759 πόλεως,
889 1687 985 1744 τὸν
1011 1686 1150 1744 θεὸν
1174 1689 1348 1761 μηδὲν
1372 1691 1502 1746 νέον

374 1777 531 1843 δρᾶν.
559 1771 669 1829 ἀλλ’
698 1776 837 1829 ἕπου
865 1797 958 1845 μοι
983 1780 1237 1830 κισσίνου
1262 1775 1504 1846 βάκτρου
1530 1774 1689 1845 μέτα·

375 1863 548 1930 πειρῶ
574 1856 626 1913 δ’
657 1855 947 1929 ἀνορθοῦν
972 1856 1100 1929 σῶμ’
1132 1859 1280 1930 ἐμόν,
1309 1857 1459 1931 κάγώ
1486 1857 1545 1914 τὸ
1571 1857 1699 1914 σόν·

374 1944 600 2014 γέροντε
626 1941 677 1998 δ’
709 1942 935 2015 αἰσχρὸν
961 1943 1062 1998 δύο
1088 1957 1303 2000 πεσεῖν·
1340 1952 1435 1999 ἴτω
1462 1941 1514 1998 δ’
1545 1939 1707 2014 ὅμως.

375 2033 450 2103 τςό
474 2034 693 2102 Βακχίῳ
719 2026 824 2100 γὰρ
850 2034 925 2102 τῷ
953 2026 1090 2093 Διὸς
1116 2031 1468 2085 δουλευτέον.

373 2111 634 2178 Πενθεὺς
659 2111 711 2168 δ’
743 2110 890 2178 ὅπως
913 2111 987 2184 μὴ
1013 2114 1220 2179 πένθος
1247 2119 1471 2169 εἰσοίσει
1491 2111 1681 2183 δόμοις

374 2211 486 2263 τοῖς
510 2212 681 2268 σοῖσι,
706 2198 922 2269 Κάδμε·
963 2205 1197 2272 μαντικῇ
1221 2221 1322 2270 μεν
1346 2195 1413 2255 οὐ
1441 2199 1600 2269 λέγω,

374 2296 485 2348 τοῖς
511 2284 826 2355 πράγμασιν
852 2284 938 2339 δέ·
967 2289 1124 2355 μῶρα
1147 2282 1253 2355 γὰρ
1279 2306 1462 2355 μωρος
1487 2283 1654 2354 λέγει.

363 2365 518 2424 Οσία
543 2368 717 2424 πότνα
741 2374 912 2438 θεων,
1561 2384 1678 2439 στρ.

369 2450 523 2509 Ὁσία
547 2451 599 2510 δ’
633 2450 667 2510 ἃ
692 2452 829 2509 κατὰ
853 2459 958 2525 γᾶν

374 2540 616 2609 χρυσέαν
641 2540 888 2610 πτέρυγα
915 2538 1119 2610 φέρεις,

374 2622 504 2678 τάδε
532 2626 799 2689 Πενθέως
823 2621 989 2689 ἀίεις;

377 2705 516 2773 ἀίεις
541 2706 642 2778 οὐχ
668 2705 828 2764 ὁσίαν

377 2789 547 2865 ὕβριν
572 2798 648 2858 εἰς
673 2792 768 2849 τὸν
791 2792 1053 2866 Βρόμιον,

707 2887 792 2935 37Ὄ
809 2913 869 2920 ·-
884 2891 968 2935 385
979 2889 1145 2935 :386
1160 2910 1222 2920 ⁶—
1237 2891 1319 2934 401

1762 264 1845 308 34⁵

1763 684 1847 727 350

1764 1105 1848 1149 355

1765 1530 1849 1575 360

1766 1955 1848 2000 365

1766 2376 1850 2422 3⁷0
