2022 3126
113 1077 220 1126 XO.

108 1246 230 1295 KH.

111 1331 227 1380 ΘΗ.

107 1415 229 1466 ΚΗ.

111 1500 217 1549 ΘΗ
218 1538 227 1547 .

106 1584 229 1633 ΚΗ.

109 1670 218 1718 ΘΗ
218 1707 226 1716 .

108 1753 230 1802 ΚΗ.

108 1838 226 1888 ΘΗ.

106 1923 230 1972 ΚΗ.

108 2009 227 2056 ΘΗ.

107 2092 230 2142 ΚΗ.

109 2177 227 2226 ΘΗ.

110 2262 231 2310 ΚΗ.

109 2347 228 2401 ΘΗ.

110 2430 231 2480 ΚΗ.

110 2516 227 2565 ΘΗ.

775 87 1109 133 ΙΚΕΤΙΔΕΣ
1658 85 1758 136 389

293 222 325 284 ’ὁ
350 250 376 280 τ
392 224 404 245 ’
434 224 618 298 ὄλβιός
640 249 732 281 νιν
756 231 974 296 πνεῦμα
1002 230 1303 296 δειμαίνων
1327 233 1507 281 λιπεῖν

295 309 512 383 ὑψηλὸν
539 320 697 380 αἴρει.
759 310 989 381 γνόντας
1014 302 1116 364 οὖν
1139 309 1317 380 χρεων
1339 309 1469 365 τάδε
1677 325 1758 366 555

299 394 695 467 ἀδικουμένους
718 418 776 451 τε
800 396 991 465 μέτρια
1013 391 1086 464 μὴ
1111 400 1276 469 θυμῷ
1303 396 1497 465 φέρειν

300 478 513 535 ἀδικεῖν
536 502 593 535 τε
617 476 841 534 τοιαῦθ’
871 474 958 534 οἷα
982 477 1054 548 μὴ
1080 478 1276 549 βλάψει
1300 478 1477 534 πόλιν.

301 570 414 629 πῶς
441 557 544 619 οὖν
571 560 641 619 ἂν
666 573 777 635 εἰη;
806 562 933 627 τοὺς
959 560 1231 627 ὀλωλότας
1255 562 1488 633 νεκροὺς

297 648 475 713 θάψαι
511 645 636 703 δόθ’
670 646 800 718 ἡμῖν
831 658 943 709 τοῖς
973 648 1235 703 θέλουσιν
1266 648 1527 720 εὐσεβεῖν.

299 729 332 803 ἢ
358 737 497 803 δῆλα
524 730 786 787 τάνθένδ’
808 750 817 759 ·
867 731 974 801 εἶμι
1004 734 1094 786 καὶ
1118 732 1284 797 θάψω
1311 737 1421 805 βία.
1677 743 1758 785 560

297 815 363 872 ού
389 815 491 889 γάρ
517 815 637 872 ποτ’
668 813 1018 887 ειῗς”Ελληνας
1043 814 1416 886 ἐξοισθήσεται

298 899 368 966 ὡς
399 906 474 966 εἰς
499 899 584 972 ἔμ’
615 900 799 956 ε’λθών
824 903 916 955 καὶ
940 900 1102 956 πόλιν
1126 905 1442 964 Πανδίονος

295 986 459 1057 νόμος
484 984 711 1051 παλαιὸς
738 986 1019 1056 δαιμόνων
1043 985 1342 1056 διεφθάρη.

294 1071 492 1141 θάρσει
509 1089 520 1099 ·
568 1068 628 1126 τὸ
653 1070 757 1143 γάρ
782 1093 865 1125 τοι
891 1076 985 1140 τῆς
1008 1076 1185 1141 Δίκης
1209 1070 1396 1137 σώζων
1422 1076 1599 1141 σέβας,

296 1153 531 1220 πολλοὺς
554 1151 898 1226 ὑπεκφύγοις
922 1150 991 1210 ἂν
1015 1153 1333 1226 ἀνθρώπων
1347 1152 1567 1224 ψόγους.
1678 1167 1758 1210 565

295 1240 482 1311 βούλει
507 1240 738 1305 συνάψω
765 1245 952 1310 μῦθον
978 1242 1037 1295 ἐν
1059 1246 1255 1311 βραχεῖ
1275 1240 1471 1304 σέθεν;

297 1322 432 1395 λέγ’,
459 1333 513 1380 εἴ
529 1348 579 1379 τι
605 1325 821 1396 βούλει·
849 1326 940 1380 καὶ
963 1323 1067 1395 γὰρ
1094 1322 1161 1379 ού
1187 1322 1408 1395 σιγηλὸς
1436 1322 1498 1378 εἴ.

302 1407 402 1464 οὐκ
429 1407 497 1465 ἅν
520 1407 640 1465 ποτ’
671 1413 728 1465 ἐκ
753 1415 852 1480 γῆς
876 1413 1073 1474 παῖδας
1092 1407 1355 1481 Ἀργείων
1379 1407 1580 1478 λάβοις.

301 1491 479 1565 κάμοῦ
505 1517 612 1549 νυν
639 1492 1009 1564 ἀντάκουσον,
1039 1500 1089 1549 εί
1113 1494 1331 1565 βούλει,
1358 1492 1540 1549 πάλιν.

301 1576 519 1649 κλύοιμ’
552 1576 645 1633 ἄν·
674 1577 740 1634 οὐ
765 1578 869 1650 γὰρ
895 1576 1032 1634 ἀλλὰ
1058 1584 1146 1634 δεῖ
1166 1583 1360 1633 δοῦναι
1386 1578 1562 1648 μέρος.
1678 1589 1761 1634 570

297 1664 462 1729 θάψω
493 1663 725 1735 νεκροὺς
747 1670 845 1736 γῆς
869 1662 1067 1731 ἐξελών
1084 1662 1367 1727 Ἀσωπίας.

302 1752 361 1804 ἐν
387 1746 612 1805 ἀσπίσιν
637 1767 723 1804 σοι
748 1754 937 1820 πρῶτα
960 1750 1373 1806 κινδυνευτέον.

296 1832 534 1898 πολλοὺς
560 1840 720 1905 ἔτλην
747 1833 814 1905 δὴ
839 1831 1100 1905 χὰτέρους
1126 1831 1326 1897 ἄλλους
1351 1832 1569 1895 πόνους.

299 1910 334 1989 ἦ
359 1924 526 1974 πᾶσιν
557 1911 660 1974 οὖν
684 1916 736 1974 σ’
767 1925 975 1990 ἔφυσεν
999 1920 1247 1988 ἐξαρκεῖν
1271 1917 1478 1988 πατήρ;

298 1999 416 2059 ὅσοι
441 2001 494 2074 γ’
523 2001 805 2075 ὑβρισταί·
832 2002 1036 2074 χρηστὰ
1063 2000 1114 2058 δ’
1146 2000 1213 2058 οὐ
1237 2001 1547 2071 κολάζομεν.
1681 2011 1761 2054 575

298 2088 565 2157 πράσσειν
588 2087 657 2144 σὺ
684 2086 842 2144 πόλλ’
873 2097 1076 2153 εἴωθας
1099 2084 1136 2158 ἥ
1157 2110 1216 2142 τε
1240 2086 1307 2158 σὴ
1332 2086 1503 2150 πόλις.

296 2172 485 2243 τοιγὰρ
518 2173 766 2243 πονούσῃ
790 2172 962 2229 πολλὰ
987 2169 1145 2229 πόλλ’
1176 2169 1493 2242 εὐδαίμονα,

303 2255 448 2327 ἔλθ’,
476 2255 547 2322 ὥς
574 2276 635 2313 σε
659 2258 825 2329 λόγχη
854 2255 1094 2328 σπαρτὸς
1121 2259 1179 2312 ἐν
1204 2256 1360 2312 πόλει
1383 2255 1539 2326 λάβῃ.

297 2348 377 2406 τίς
403 2338 456 2396 δ’
485 2344 543 2397 ἐκ
569 2341 868 2415 δράκοντος
892 2347 1102 2414 θοῦρος
1129 2337 1198 2396 ἂν
1223 2336 1423 2411 γένοιτ’
1452 2337 1649 2409 ’Ἁρης;

300 2426 501 2497 γνώσει
525 2426 595 2483 σὺ
620 2427 844 2497 πάσχων
860 2445 870 2455 ·
897 2433 1005 2482 νῦν
1030 2423 1081 2481 δ’
1112 2422 1186 2480 ἔτ’
1218 2424 1266 2481 εἶ
1287 2429 1526 2488 νεανίας.
1681 2435 1762 2478 580

299 2508 450 2567 οὗτοι
494 2508 550 2582 μ’
586 2514 800 2583 ἐπαρεῖς
831 2509 968 2566 ὥστε
994 2516 1322 2581 θυμοῦσθαι
1350 2510 1556 2581 φρένας

295 2607 404 2660 τοῖς
428 2609 571 2652 σοῖσι
595 2596 848 2667 κόμποις·
877 2593 997 2651 ἀλλ’
1029 2593 1366 2651 ἀποστέλλου
1392 2591 1611 2664 χθονός,

295 2680 492 2752 λόγους
515 2687 776 2752 ματαίους
800 2678 1007 2753 οὕσπερ
1033 2678 1247 2751 ἠνέγκω
1273 2678 1476 2750 λαβών.

298 2771 631 2837 περαίνομεν
654 2764 759 2837 γὰρ
785 2763 968 2821 οὐδέν.
1030 2762 1308 2835 ὁρμᾶσθαι
1334 2761 1512 2834 χρεων

297 2847 458 2904 πάντ’
487 2847 645 2920 ἄνδρ’
679 2847 908 2921 ὁπλίτην
933 2847 1190 2920 ἁρμάτων
1212 2846 1259 2904 τ’
1290 2851 1614 2918 ἐπεμβάτην,
1684 2860 1764 2901 585
