2022 3126
774 117 1025 164 ΕΛΕΝΗ
1631 119 1730 171 207

268 257 363 313 καὶ
387 255 692 328 λαμπάδων
715 253 1028 327 μεμνήμεθ’
1059 252 1121 321 ἃς
1144 257 1458 330 τετραόροις

266 344 454 405 ἵπποις
476 339 748 412 τροχάζων
775 341 1092 412 παρέφερον
1109 359 1120 370 ·
1148 340 1217 396 σὺ
1245 340 1299 397 δ’
1334 345 1393 398 ἐν
1419 347 1640 417 δίφροις

265 424 372 481 σὺν
394 429 535 500 τῶδε
559 424 750 495 νύμφη
775 421 912 495 δῶμ’
943 430 1152 489 ἔλειπες
1177 423 1383 498 ὄλβιον.
1653 442 1733 486 725

264 508 430 574 κακὸς
453 507 558 580 γὰρ
586 506 732 573 ὅστις
756 508 829 580 μὴ
853 510 1001 580 σέβει
1025 507 1091 564 τὰ
1117 514 1402 568 δεσποτῶν

264 597 357 650 καὶ
381 595 691 665 ξυγγέγηθε
715 595 808 648 καὶ
831 598 1130 649 συνωδίνει
1154 608 1357 661 κακοῖς.

269 677 375 749 ἐγώ
406 679 507 749 μὲν
536 686 684 749 εἴην,
715 684 803 733 κεί
831 675 1034 749 πέφυχ’
1063 675 1209 750 ὅμως
1233 680 1435 752 λάτρις,

265 766 326 819 ἐν
350 776 490 818 τοῖσι
512 768 854 834 γενναίοισιν
876 760 1252 834 ἠριθμημένος

266 846 541 918 δούλοισι,
570 844 798 918 τοῦνομ’
826 843 928 903 οὐκ
955 853 1095 918 ἔχων
1119 848 1438 920 ἐλεύθερον,
1654 865 1739 908 730

264 930 363 988 τὸν
386 937 528 987 νοῦν
553 933 617 987 δέ
628 951 639 960 ·
675 943 934 1003 κρεῖσσον
956 929 1062 1003 γὰρ
1091 929 1213 988 τόδ’
1242 928 1277 1004 ἦ
1303 937 1466 989 δυοῖν
1489 949 1681 991 κακοῖν

265 1012 350 1073 ἕν’
375 1013 509 1072 ὄντα
533 1023 773 1087 χρῆσθαι
789 1059 804 1087 ,
829 1013 924 1081 τὰς
949 1018 1157 1088 φρένας
1180 1014 1230 1072 τ’
1260 1023 1405 1088 ἔχειν
1427 1019 1597 1085 κακὰς

263 1098 448 1156 ἄλλων
473 1097 522 1156 τ’
550 1097 778 1157 ἀκούειν
802 1105 1008 1157 δοῦλον
1031 1099 1164 1157 ὅντα
1190 1107 1301 1157 τῶν
1326 1105 1506 1168 πέλας.

81 1191 202 1241 ΜΕ.
265 1182 355 1255 ἄγ’
385 1178 428 1240 ῶ
453 1187 666 1258 γεραιέ,
695 1184 869 1241 πολλὰ
893 1186 995 1257 μὲν
1019 1183 1150 1258 παρ’
1182 1184 1387 1243 ἀσπίδα

259 1267 568 1342 μοχθήματ’
602 1272 894 1341 ἐξέπλησας
919 1273 1173 1326 ἐκπονῶν
1199 1275 1334 1342 ἐμοί,
1655 1287 1736 1330 735

262 1356 355 1410 καὶ
378 1361 487 1410 νῦν
510 1353 796 1426 μετασχῶν
819 1360 912 1426 τῆς
936 1357 1067 1426 ἐμῆς
1091 1352 1388 1426 εὐπραξίας

266 1436 525 1510 αγγειλον
550 1436 735 1494 ἐλθών
760 1452 873 1504 τοῖς
897 1442 1269 1511 λελειμμένοις
1295 1446 1477 1511 φίλοις

263 1521 384 1579 τάδ’
414 1521 486 1588 ῶς
512 1521 700 1594 ἔχονθ’
725 1520 971 1595 ηύρηκας
996 1529 1064 1581 οὐ
1087 1527 1135 1580 τ’
1161 1523 1322 1595 ἐσμεν
1349 1523 1531 1598 τύχης,

264 1610 453 1679 μένειν
476 1605 529 1663 τ’
560 1605 646 1663 ἐπ’
677 1605 864 1673 ακταῖς
887 1607 1016 1673 τούς
1042 1605 1090 1664 τ’
1119 1608 1285 1679 ἐμους
1309 1616 1640 1681 καραδοκεῖν

265 1690 483 1763 ἀγῶνας
507 1698 564 1747 οἳ
582 1694 820 1763 μένουσί
839 1689 921 1762 μ’,
950 1689 1022 1756 ῶς
1047 1695 1349 1764 ἐλπίζομεν,
1655 1710 1738 1753 740

264 1782 353 1832 κεί
378 1777 545 1848 τήνδε
569 1799 683 1841 πως
709 1775 1010 1847 δυναίμεθ’
1040 1780 1299 1842 ἐκκλέψαι
1324 1779 1542 1851 χθονός,

265 1874 536 1933 φρουρεῖν
560 1858 707 1926 ὅπως
733 1857 802 1916 ἂν
828 1866 903 1925 εἰς
929 1858 989 1917 ἓν
1014 1862 1274 1925 ἐλθόντες
1299 1863 1464 1935 τύχης

264 1948 323 2001 ἐκ
347 1946 647 2018 βαρβάρων
677 1952 951 2016 σωθῶμεν
968 1988 983 2016 ,
1008 1942 1079 2017 ἢν
1104 1946 1422 2018 δυνώμεθα.

77 2037 179 2088 ΑΓ
173 2037 233 2088 Γ.
265 2037 413 2087 ἔσται
438 2028 585 2101 τάδ’,
612 2023 774 2097 ῶναξ.
801 2027 939 2086 ἄλλά
963 2053 1044 2086 τοι
1072 2030 1137 2086 τὰ
1161 2033 1413 2102 μάντεων

267 2119 482 2171 ἐσεῖδον
510 2112 583 2181 ῶς
609 2112 779 2187 φαῦλ’
810 2117 921 2170 ἐστὶ
946 2117 1038 2170 καὶ
1064 2121 1294 2182 ψευδῶν
1317 2119 1470 2173 πλέα.
1656 2132 1736 2176 745

267 2197 373 2255 οὐκ
421 2192 492 2270 ἦν
517 2197 606 2272 ἄρ’
635 2197 787 2271 ὑγιὲς
812 2197 981 2256 οὐδὲν
1006 2199 1257 2272 ἐμπύρου
1285 2201 1490 2273 φλογὸς

261 2282 394 2352 ου’δὲ
419 2290 715 2356 πτερωτῶν
741 2282 1019 2357 φθέγματ’
1045 2304 1054 2313 ·
1106 2283 1308 2357 εὔηθες
1334 2287 1400 2341 δέ
1418 2309 1503 2342 τοι

267 2367 327 2423 τὸ
352 2370 445 2424 καὶ
470 2373 658 2424 δοκεῖν
683 2365 916 2439 ὄρνιθας
940 2367 1180 2441 ῶφελεῖν
1205 2370 1456 2441 βροτούς.

267 2453 486 2523 Κάλχας
508 2452 613 2525 γὰρ
640 2450 743 2508 οὐκ
775 2451 882 2509 εἶπ’
917 2451 1041 2509 οὐδ’
1070 2455 1306 2526 ἐσήμηνε
1329 2461 1542 2530 στρατῶ

265 2539 500 2609 νεφέλης
537 2535 1026 2609 ὑπερθνῄσκοντας
1062 2544 1295 2610 εἰσορῶν
1319 2546 1520 2610 φίλους
1655 2552 1737 2595 750

269 2619 393 2677 οὐδ’
413 2619 649 2692 ”Ἐλενος,
676 2619 813 2678 ἀλλὰ
839 2623 995 2687 πόλις
1019 2620 1352 2696 ἀνηρπάσθη
1376 2624 1568 2696 μάτην.

269 2713 441 2771 εἴποις
467 2701 554 2776 ἄν,
581 2702 767 2777 οὕνεχ’
795 2703 823 2761 ὁ
850 2706 985 2771 θεὸς
1016 2705 1119 2762 οὐκ
1144 2706 1439 2780 ἠβούλετο·

266 2795 324 2845 τί
350 2794 487 2861 δῆτα
510 2792 926 2861 μαντευόμεθα;
961 2803 1072 2855 τοῖς
1094 2800 1277 2848 θεοῖσι
1300 2796 1441 2863 χρῆν

268 2874 513 2940 θύοντας
538 2880 711 2930 αἰτεῖν
734 2872 936 2946 ἀγαθά,
962 2883 1221 2946 μαντείας
1245 2874 1299 2932 δ’
1334 2880 1430 2932 ἐᾶν
1445 2893 1457 2906 ·
