<?xml version="1.0" encoding="UTF-8"?>
<!DOCTYPE html PUBLIC "-//W3C//DTD XHTML 1.0 Transitional//EN"
    "http://www.w3.org/TR/xhtml1/DTD/xhtml1-transitional.dtd">
<html xmlns="http://www.w3.org/1999/xhtml" xml:lang="en" lang="en">
 <head>
  <title>
</title>
<meta http-equiv="Content-Type" content="text/html;charset=utf-8" />
  <meta name='ocr-system' content='tesseract 3.04.00' />
  <meta name='ocr-capabilities' content='ocr_page ocr_carea ocr_par ocr_line ocrx_word'/>
</head>
<body>
  <div class='ocr_page' id='page_1' title='image "./euripidistragoe01euriuoft_0316.png"; bbox 0 0 2022 3126; ppageno 0'>
   <div class='ocr_carea' id='block_1_1' title="bbox 222 71 323 124">
    <p class='ocr_par' dir='ltr' id='par_1_1' title="bbox 222 71 323 124">
     <span class='ocr_line' id='line_1_1' title="bbox 222 71 323 124; baseline -0.01 0"><span class='ocrx_word' id='word_1_1' title='bbox 222 71 323 124; x_wconf 79' lang='lat'><em>216</em></span> 
     </span>
    </p>
   </div>
   <div class='ocr_carea' id='block_1_2' title="bbox 225 2100 340 2150">
    <p class='ocr_par' dir='ltr' id='par_1_2' title="bbox 225 2100 340 2150">
     <span class='ocr_line' id='line_1_2' title="bbox 225 2100 340 2150; baseline -0.035 0"><span class='ocrx_word' id='word_1_2' title='bbox 225 2100 340 2150; x_wconf 87' lang='lat' dir='ltr'><em>XO.</em></span> 
     </span>
    </p>
   </div>
   <div class='ocr_carea' id='block_1_3' title="bbox 224 2271 331 2320">
    <p class='ocr_par' dir='ltr' id='par_1_3' title="bbox 224 2271 331 2320">
     <span class='ocr_line' id='line_1_3' title="bbox 224 2271 331 2320; baseline -0.028 0"><span class='ocrx_word' id='word_1_3' title='bbox 224 2271 331 2320; x_wconf 85' lang='lat' dir='ltr'><em>EA.</em></span> 
     </span>
    </p>
   </div>
   <div class='ocr_carea' id='block_1_4' title="bbox 946 74 1201 122">
    <p class='ocr_par' dir='ltr' id='par_1_4' title="bbox 946 74 1201 122">
     <span class='ocr_line' id='line_1_4' title="bbox 946 74 1201 122; baseline -0.004 -2"><span class='ocrx_word' id='word_1_4' title='bbox 946 74 1201 122; x_wconf 86' lang='grc' dir='ltr'><em>ΕΛΕΝΗ</em></span> 
     </span>
    </p>
   </div>
   <div class='ocr_carea' id='block_1_5' title="bbox 401 210 1895 2506">
    <p class='ocr_par' dir='ltr' id='par_1_5' title="bbox 416 210 1551 288">
     <span class='ocr_line' id='line_1_5' title="bbox 416 210 1551 288; baseline -0.001 -18"><span class='ocrx_word' id='word_1_5' title='bbox 416 219 575 280; x_wconf 81' lang='grc' dir='ltr'><em>ἵλεως</em></span> <span class='ocrx_word' id='word_1_6' title='bbox 597 215 700 287; x_wconf 78' lang='grc' dir='ltr'><em>μὲν</em></span> <span class='ocrx_word' id='word_1_7' title='bbox 725 222 827 286; x_wconf 74' lang='grc' dir='ltr'><em>εἴη,</em></span> <span class='ocrx_word' id='word_1_8' title='bbox 853 217 1169 288; x_wconf 85' lang='grc' dir='ltr'><em>συμβέβηκε</em></span> <span class='ocrx_word' id='word_1_9' title='bbox 1193 213 1248 271; x_wconf 83' lang='grc' dir='ltr'><em>δ’</em></span> <span class='ocrx_word' id='word_1_10' title='bbox 1281 210 1551 285; x_wconf 77' lang='grc' dir='ltr'><em>οὐδαμοῦ.</em></span> 
     </span>
    </p>

    <p class='ocr_par' dir='ltr' id='par_1_6' title="bbox 413 295 1599 375">
     <span class='ocr_line' id='line_1_6' title="bbox 413 295 1599 375; baseline 0.003 -21"><span class='ocrx_word' id='word_1_11' title='bbox 413 295 449 355; x_wconf 74' lang='grc' dir='ltr'><em>ἃ</em></span> <span class='ocrx_word' id='word_1_12' title='bbox 473 303 507 354; x_wconf 92' lang='grc' dir='ltr'><em>δ</em></span> <span class='ocrx_word' id='word_1_13' title='bbox 513 295 526 317; x_wconf 80' lang='grc'><strong>’</strong></span> <span class='ocrx_word' id='word_1_14' title='bbox 557 297 701 371; x_wconf 83' lang='grc' dir='ltr'><em>ἀμφὶ</em></span> <span class='ocrx_word' id='word_1_15' title='bbox 723 300 915 375; x_wconf 76' lang='grc' dir='ltr'><em>τύμβῳ</em></span> <span class='ocrx_word' id='word_1_16' title='bbox 939 306 1051 375; x_wconf 78' lang='grc' dir='ltr'><em>τῷδ</em></span> <span class='ocrx_word' id='word_1_17' title='bbox 1062 298 1073 317; x_wconf 78' lang='grc'><strong><em>’</em></strong></span> <span class='ocrx_word' id='word_1_18' title='bbox 1104 298 1390 368; x_wconf 80' lang='grc' dir='ltr'><em>ὀνειδίζεις</em></span> <span class='ocrx_word' id='word_1_19' title='bbox 1415 307 1599 372; x_wconf 84' lang='grc' dir='ltr'><em>πατρί,</em></span> 
     </span>
    </p>

    <p class='ocr_par' dir='ltr' id='par_1_7' title="bbox 411 382 1895 628">
     <span class='ocr_line' id='line_1_7' title="bbox 411 382 1895 457; baseline 0.003 -17"><span class='ocrx_word' id='word_1_20' title='bbox 411 383 543 457; x_wconf 81' lang='grc' dir='ltr'><em>ἡμῖν</em></span> <span class='ocrx_word' id='word_1_21' title='bbox 568 382 654 440; x_wconf 76' lang='grc' dir='ltr'><em>ὅδ’</em></span> <span class='ocrx_word' id='word_1_22' title='bbox 691 382 857 451; x_wconf 79' lang='grc' dir='ltr'><em>αὐτὸς</em></span> <span class='ocrx_word' id='word_1_23' title='bbox 890 392 1089 457; x_wconf 83' lang='grc' dir='ltr'><em>μῦθος.</em></span> <span class='ocrx_word' id='word_1_24' title='bbox 1122 383 1447 456; x_wconf 78' lang='grc' dir='ltr'><em>ἀδικοίημεν</em></span> <span class='ocrx_word' id='word_1_25' title='bbox 1473 382 1560 456; x_wconf 75' lang='grc' dir='ltr'><em>ἅν,</em></span> <span class='ocrx_word' id='word_1_26' title='bbox 1782 401 1895 444; x_wconf 84' lang='grc'><strong>1010</strong></span> 
     </span>
     <span class='ocr_line' id='line_1_8' title="bbox 416 467 1698 542; baseline 0 -15"><span class='ocrx_word' id='word_1_27' title='bbox 416 476 467 527; x_wconf 85' lang='grc' dir='ltr'><em>εἰ</em></span> <span class='ocrx_word' id='word_1_28' title='bbox 488 469 561 542; x_wconf 85' lang='grc' dir='ltr'><em>μὴ</em></span> <span class='ocrx_word' id='word_1_29' title='bbox 594 467 867 527; x_wconf 77' lang='grc' dir='ltr'><em>ἀποδώσω</em></span> <span class='ocrx_word' id='word_1_30' title='bbox 884 490 894 499; x_wconf 91' lang='grc'><em>·</em></span> <span class='ocrx_word' id='word_1_31' title='bbox 928 473 1019 525; x_wconf 74' lang='grc' dir='ltr'><em>καὶ.</em></span> <span class='ocrx_word' id='word_1_32' title='bbox 1045 469 1149 541; x_wconf 79' lang='grc' dir='ltr'><em>γὰρ</em></span> <span class='ocrx_word' id='word_1_33' title='bbox 1175 467 1245 526; x_wconf 74' lang='grc' dir='ltr'><em>ἂν</em></span> <span class='ocrx_word' id='word_1_34' title='bbox 1267 483 1450 534; x_wconf 79' lang='grc' dir='ltr'><em>κεῖνος</em></span> <span class='ocrx_word' id='word_1_35' title='bbox 1473 473 1698 541; x_wconf 79' lang='grc' dir='ltr'><strong><em>βλέπων</em></strong></span> 
     </span>
     <span class='ocr_line' id='line_1_9' title="bbox 413 551 1677 628; baseline 0.001 -18"><span class='ocrx_word' id='word_1_36' title='bbox 413 553 700 611; x_wconf 80' lang='grc' dir='ltr'><em>ἀπέδωκεν</em></span> <span class='ocrx_word' id='word_1_37' title='bbox 725 551 795 611; x_wconf 71' lang='grc' dir='ltr'><em>ἂν</em></span> <span class='ocrx_word' id='word_1_38' title='bbox 819 558 906 611; x_wconf 81' lang='grc' dir='ltr'><em>σοὶ</em></span> <span class='ocrx_word' id='word_1_39' title='bbox 929 556 1086 627; x_wconf 86' lang='grc' dir='ltr'><em>τήνδ’</em></span> <span class='ocrx_word' id='word_1_40' title='bbox 1116 562 1289 627; x_wconf 81' lang='grc' dir='ltr'><em>ἔχειν,</em></span> <span class='ocrx_word' id='word_1_41' title='bbox 1317 555 1488 628; x_wconf 85' lang='grc' dir='ltr'><em>ταύτῃ</em></span> <span class='ocrx_word' id='word_1_42' title='bbox 1515 557 1577 613; x_wconf 77' lang='grc' dir='ltr'><em>δὲ</em></span> <span class='ocrx_word' id='word_1_43' title='bbox 1600 558 1677 612; x_wconf 90' lang='grc' dir='ltr'><em>σέ.</em></span> 
     </span>
    </p>

    <p class='ocr_par' dir='ltr' id='par_1_8' title="bbox 413 639 1678 713">
     <span class='ocr_line' id='line_1_10' title="bbox 413 639 1678 713; baseline 0.001 -17"><span class='ocrx_word' id='word_1_44' title='bbox 413 642 523 708; x_wconf 82' lang='grc' dir='ltr'><em>[καὶ</em></span> <span class='ocrx_word' id='word_1_45' title='bbox 547 639 651 712; x_wconf 81' lang='grc' dir='ltr'><em>γὰρ</em></span> <span class='ocrx_word' id='word_1_46' title='bbox 675 647 815 707; x_wconf 82' lang='grc' dir='ltr'><em>τίσις</em></span> <span class='ocrx_word' id='word_1_47' title='bbox 840 640 1009 696; x_wconf 76' lang='grc' dir='ltr'><em>τῶνδ’</em></span> <span class='ocrx_word' id='word_1_48' title='bbox 1039 643 1153 697; x_wconf 82' lang='grc' dir='ltr'><em>ἐστὶ</em></span> <span class='ocrx_word' id='word_1_49' title='bbox 1177 654 1289 706; x_wconf 80' lang='grc' dir='ltr'><em>τοῖς</em></span> <span class='ocrx_word' id='word_1_50' title='bbox 1315 664 1372 696; x_wconf 88' lang='grc' dir='ltr'><em>τε</em></span> <span class='ocrx_word' id='word_1_51' title='bbox 1397 645 1678 713; x_wconf 77' lang='grc' dir='ltr'><em>νερτέροις</em></span> 
     </span>
    </p>

    <p class='ocr_par' dir='ltr' id='par_1_9' title="bbox 413 722 1674 797">
     <span class='ocr_line' id='line_1_11' title="bbox 413 722 1674 797; baseline -0.001 -15"><span class='ocrx_word' id='word_1_52' title='bbox 413 728 507 782; x_wconf 86' lang='grc' dir='ltr'><em>καὶ</em></span> <span class='ocrx_word' id='word_1_53' title='bbox 531 738 641 790; x_wconf 80' lang='grc' dir='ltr'><em>τοῖς</em></span> <span class='ocrx_word' id='word_1_54' title='bbox 666 722 892 783; x_wconf 68' lang='grc' dir='ltr'><em>ἄνωθεν</em></span> <span class='ocrx_word' id='word_1_55' title='bbox 917 732 1086 782; x_wconf 78' lang='grc' dir='ltr'><em>πᾶσιν</em></span> <span class='ocrx_word' id='word_1_56' title='bbox 1111 724 1454 797; x_wconf 73' lang='grc' dir='ltr'><em>ἀνθρώποις.</em></span> <span class='ocrx_word' id='word_1_57' title='bbox 1483 723 1512 782; x_wconf 85' lang='grc' dir='ltr'><em>ὃ</em></span> <span class='ocrx_word' id='word_1_58' title='bbox 1538 732 1674 792; x_wconf 83' lang='grc' dir='ltr'><em>νοῦς</em></span> 
     </span>
    </p>

    <p class='ocr_par' dir='ltr' id='par_1_10' title="bbox 415 809 1893 968">
     <span class='ocr_line' id='line_1_12' title="bbox 415 809 1893 884; baseline 0.001 -18"><span class='ocrx_word' id='word_1_59' title='bbox 415 817 527 866; x_wconf 76' lang='grc' dir='ltr'><em>τῶν</em></span> <span class='ocrx_word' id='word_1_60' title='bbox 556 812 954 867; x_wconf 82' lang='grc' dir='ltr'><em>κατθανόντων</em></span> <span class='ocrx_word' id='word_1_61' title='bbox 982 817 1041 884; x_wconf 82' lang='grc' dir='ltr'><em>ζῇ</em></span> <span class='ocrx_word' id='word_1_62' title='bbox 1066 811 1168 883; x_wconf 76' lang='grc' dir='ltr'><em>μὲν</em></span> <span class='ocrx_word' id='word_1_63' title='bbox 1191 809 1287 883; x_wconf 74' lang='grc' dir='ltr'><em>οὔ,</em></span> <span class='ocrx_word' id='word_1_64' title='bbox 1314 811 1540 883; x_wconf 77' lang='grc' dir='ltr'><em>γνώμην</em></span> <span class='ocrx_word' id='word_1_65' title='bbox 1565 816 1597 866; x_wconf 92' lang='grc' dir='ltr'><em>δ</em></span> <span class='ocrx_word' id='word_1_66' title='bbox 1607 810 1619 831; x_wconf 82' lang='grc'><strong>’</strong></span> <span class='ocrx_word' id='word_1_67' title='bbox 1649 818 1758 883; x_wconf 76' lang='grc' dir='ltr'><em>ἔχει</em></span> <span class='ocrx_word' id='word_1_68' title='bbox 1784 828 1893 868; x_wconf 77' lang='lat'>1015</span> 
     </span>
     <span class='ocr_line' id='line_1_13' title="bbox 415 893 1642 968; baseline -0.002 -15"><span class='ocrx_word' id='word_1_69' title='bbox 415 893 700 953; x_wconf 78' lang='grc' dir='ltr'><em>ἀθάνατον</em></span> <span class='ocrx_word' id='word_1_70' title='bbox 726 903 802 962; x_wconf 82' lang='grc' dir='ltr'><em>είς</em></span> <span class='ocrx_word' id='word_1_71' title='bbox 827 895 1114 954; x_wconf 75' lang='grc' dir='ltr'><em>ἀθάνατον</em></span> <span class='ocrx_word' id='word_1_72' title='bbox 1138 894 1322 968; x_wconf 65' lang='grc' dir='ltr'><em>αἰθέρ’</em></span> <span class='ocrx_word' id='word_1_73' title='bbox 1352 897 1642 968; x_wconf 58' lang='grc' dir='ltr'><em>ἐμπεσών]</em></span> 
     </span>
    </p>

    <p class='ocr_par' dir='ltr' id='par_1_11' title="bbox 415 974 1591 1056">
     <span class='ocr_line' id='line_1_14' title="bbox 415 974 1591 1056; baseline -0.001 -18"><span class='ocrx_word' id='word_1_74' title='bbox 415 979 488 1047; x_wconf 75' lang='grc' dir='ltr'><em>ὡς</em></span> <span class='ocrx_word' id='word_1_75' title='bbox 513 974 617 1037; x_wconf 73' lang='grc' dir='ltr'><em>οὖν</em></span> <span class='ocrx_word' id='word_1_76' title='bbox 643 989 889 1056; x_wconf 86' lang='grc' dir='ltr'><em>περαίνω</em></span> <span class='ocrx_word' id='word_1_77' title='bbox 915 986 989 1055; x_wconf 84' lang='grc' dir='ltr'><em>μὴ</em></span> <span class='ocrx_word' id='word_1_78' title='bbox 1017 981 1239 1054; x_wconf 79' lang='grc' dir='ltr'><em>μακράν</em></span> <span class='ocrx_word' id='word_1_79' title='bbox 1256 1026 1271 1054; x_wconf 83' lang='grc'>,</span> <span class='ocrx_word' id='word_1_80' title='bbox 1298 984 1591 1054; x_wconf 77' lang='grc' dir='ltr'><em>σιγήσομαι</em></span> 
     </span>
    </p>

    <p class='ocr_par' dir='ltr' id='par_1_12' title="bbox 414 1064 1419 1141">
     <span class='ocr_line' id='line_1_15' title="bbox 414 1064 1419 1141; baseline 0.001 -18"><span class='ocrx_word' id='word_1_81' title='bbox 414 1064 450 1123; x_wconf 77' lang='grc' dir='ltr'>ἅ</span> <span class='ocrx_word' id='word_1_82' title='bbox 471 1090 579 1138; x_wconf 90' lang='grc' dir='ltr'><em>μου</em></span> <span class='ocrx_word' id='word_1_83' title='bbox 604 1065 1052 1138; x_wconf 78' lang='grc' dir='ltr'><em>καθικετεύσατ’,</em></span> <span class='ocrx_word' id='word_1_84' title='bbox 1079 1065 1214 1124; x_wconf 76' lang='grc' dir='ltr'><em>οὐδὲ</em></span> <span class='ocrx_word' id='word_1_85' title='bbox 1236 1075 1419 1141; x_wconf 78' lang='grc' dir='ltr'><em>μωρία</em></span> 
     </span>
    </p>

    <p class='ocr_par' dir='ltr' id='par_1_13' title="bbox 412 1153 1567 1226">
     <span class='ocr_line' id='line_1_16' title="bbox 412 1153 1567 1226; baseline -0.001 -17"><span class='ocrx_word' id='word_1_86' title='bbox 412 1153 724 1224; x_wconf 85' lang='grc' dir='ltr'><em>ξύμβουλος</em></span> <span class='ocrx_word' id='word_1_87' title='bbox 753 1159 943 1224; x_wconf 81' lang='grc' dir='ltr'><em>ἔσομαι</em></span> <span class='ocrx_word' id='word_1_88' title='bbox 967 1159 1032 1226; x_wconf 79' lang='grc' dir='ltr'><em>τῇ</em></span> <span class='ocrx_word' id='word_1_89' title='bbox 1059 1153 1395 1226; x_wconf 73' lang='grc' dir='ltr'><em>κασιγνήτου</em></span> <span class='ocrx_word' id='word_1_90' title='bbox 1420 1155 1567 1208; x_wconf 87' lang='grc' dir='ltr'><em>ποτέ.</em></span> 
     </span>
    </p>

    <p class='ocr_par' dir='ltr' id='par_1_14' title="bbox 415 1235 1892 1396">
     <span class='ocr_line' id='line_1_17' title="bbox 416 1235 1892 1310; baseline -0.001 -16"><span class='ocrx_word' id='word_1_91' title='bbox 416 1235 690 1309; x_wconf 79' lang='grc' dir='ltr'><em>εὐεργετῶ</em></span> <span class='ocrx_word' id='word_1_92' title='bbox 716 1262 821 1309; x_wconf 86' lang='grc' dir='ltr'><em>γαρ</em></span> <span class='ocrx_word' id='word_1_93' title='bbox 847 1251 1036 1294; x_wconf 83' lang='grc' dir='ltr'><em>κεῖνον</em></span> <span class='ocrx_word' id='word_1_94' title='bbox 1061 1236 1129 1294; x_wconf 79' lang='grc' dir='ltr'><em>οὐ</em></span> <span class='ocrx_word' id='word_1_95' title='bbox 1157 1236 1383 1295; x_wconf 84' lang='grc' dir='ltr'><em>δοκοῦσ’</em></span> <span class='ocrx_word' id='word_1_96' title='bbox 1416 1235 1581 1310; x_wconf 81' lang='grc' dir='ltr'><em>ὅμως,</em></span> <span class='ocrx_word' id='word_1_97' title='bbox 1780 1253 1892 1295; x_wconf 79' lang='grc'><strong>1020</strong></span> 
     </span>
     <span class='ocr_line' id='line_1_18' title="bbox 415 1321 1445 1396; baseline 0 -17"><span class='ocrx_word' id='word_1_98' title='bbox 415 1326 474 1379; x_wconf 87' lang='grc' dir='ltr'><em>ἐκ</em></span> <span class='ocrx_word' id='word_1_99' title='bbox 502 1321 874 1394; x_wconf 79' lang='grc' dir='ltr'><em>δυσσεβείας</em></span> <span class='ocrx_word' id='word_1_100' title='bbox 854 1321 1011 1380; x_wconf 89' lang='grc' dir='ltr'><em>όσιον</em></span> <span class='ocrx_word' id='word_1_101' title='bbox 1038 1329 1089 1380; x_wconf 81' lang='grc' dir='ltr'><em>εἰ</em></span> <span class='ocrx_word' id='word_1_102' title='bbox 1109 1330 1309 1396; x_wconf 87' lang='grc' dir='ltr'><em>τίθημί</em></span> <span class='ocrx_word' id='word_1_103' title='bbox 1335 1347 1445 1380; x_wconf 86' lang='grc' dir='ltr'><em>νιν.</em></span> 
     </span>
    </p>

    <p class='ocr_par' dir='ltr' id='par_1_15' title="bbox 413 1405 1591 1481">
     <span class='ocr_line' id='line_1_19' title="bbox 413 1405 1591 1481; baseline 0.001 -17"><span class='ocrx_word' id='word_1_104' title='bbox 413 1406 574 1465; x_wconf 79' lang='grc' dir='ltr'><em>αὐτοὶ</em></span> <span class='ocrx_word' id='word_1_105' title='bbox 597 1432 698 1480; x_wconf 90' lang='grc' dir='ltr'><em>μεν</em></span> <span class='ocrx_word' id='word_1_106' title='bbox 723 1409 827 1464; x_wconf 85' lang='grc' dir='ltr'><em>οὐν</em></span> <span class='ocrx_word' id='word_1_107' title='bbox 850 1405 957 1465; x_wconf 87' lang='grc' dir='ltr'><em>τιν’</em></span> <span class='ocrx_word' id='word_1_108' title='bbox 988 1410 1179 1476; x_wconf 76' lang='grc' dir='ltr'><em>ἔξοδόν</em></span> <span class='ocrx_word' id='word_1_109' title='bbox 1203 1407 1258 1481; x_wconf 81' lang='grc' dir='ltr'><em>γ’</em></span> <span class='ocrx_word' id='word_1_110' title='bbox 1290 1407 1591 1481; x_wconf 82' lang='grc' dir='ltr'><em>εὑρίσκετε,</em></span> 
     </span>
    </p>

    <p class='ocr_par' dir='ltr' id='par_1_16' title="bbox 415 1491 1515 1567">
     <span class='ocr_line' id='line_1_20' title="bbox 415 1491 1515 1567; baseline 0 -17"><span class='ocrx_word' id='word_1_111' title='bbox 415 1493 522 1566; x_wconf 82' lang='grc' dir='ltr'><em>ἐγω</em></span> <span class='ocrx_word' id='word_1_112' title='bbox 549 1492 602 1550; x_wconf 79' lang='grc' dir='ltr'><em>δ’</em></span> <span class='ocrx_word' id='word_1_113' title='bbox 634 1491 899 1550; x_wconf 85' lang='grc' dir='ltr'><em>ἀποστᾶσ’</em></span> <span class='ocrx_word' id='word_1_114' title='bbox 929 1492 1182 1551; x_wconf 86' lang='grc' dir='ltr'><em>ἐκποδων</em></span> <span class='ocrx_word' id='word_1_115' title='bbox 1207 1492 1515 1567; x_wconf 87' lang='grc' dir='ltr'><em>σιγήσομαι.</em></span> 
     </span>
    </p>

    <p class='ocr_par' dir='ltr' id='par_1_17' title="bbox 414 1576 1473 1652">
     <span class='ocr_line' id='line_1_21' title="bbox 414 1576 1473 1652; baseline -0.001 -16"><span class='ocrx_word' id='word_1_116' title='bbox 414 1582 474 1636; x_wconf 84' lang='grc' dir='ltr'><em>ἐκ</em></span> <span class='ocrx_word' id='word_1_117' title='bbox 501 1586 611 1635; x_wconf 78' lang='grc' dir='ltr'><em>τῶν</em></span> <span class='ocrx_word' id='word_1_118' title='bbox 637 1586 791 1635; x_wconf 89' lang='grc' dir='ltr'><em>θεων</em></span> <span class='ocrx_word' id='word_1_119' title='bbox 817 1577 868 1635; x_wconf 86' lang='grc' dir='ltr'><em>δ’</em></span> <span class='ocrx_word' id='word_1_120' title='bbox 901 1576 1142 1652; x_wconf 84' lang='grc' dir='ltr'><em>ἀρχεσθε</em></span> <span class='ocrx_word' id='word_1_121' title='bbox 1165 1581 1473 1652; x_wconf 79' lang='grc' dir='ltr'><em>χὶκετεύετε</em></span> 
     </span>
    </p>

    <p class='ocr_par' dir='ltr' id='par_1_18' title="bbox 414 1662 1893 1824">
     <span class='ocr_line' id='line_1_22' title="bbox 414 1662 1893 1738; baseline 0.002 -18"><span class='ocrx_word' id='word_1_122' title='bbox 414 1664 515 1737; x_wconf 87' lang='grc' dir='ltr'><em>τὴν</em></span> <span class='ocrx_word' id='word_1_123' title='bbox 544 1667 646 1737; x_wconf 90' lang='grc' dir='ltr'><em>μέν</em></span> <span class='ocrx_word' id='word_1_124' title='bbox 672 1662 722 1721; x_wconf 76' lang='lat'><em>6⁹</em></span> <span class='ocrx_word' id='word_1_125' title='bbox 759 1668 915 1722; x_wconf 83' lang='grc' dir='ltr'><em>εᾶσαι</em></span> <span class='ocrx_word' id='word_1_126' title='bbox 939 1671 1178 1737; x_wconf 87' lang='grc' dir='ltr'><em>πατρίδα</em></span> <span class='ocrx_word' id='word_1_127' title='bbox 1205 1673 1469 1738; x_wconf 87' lang='grc' dir='ltr'><em>νοστῆσαι</em></span> <span class='ocrx_word' id='word_1_128' title='bbox 1494 1665 1736 1738; x_wconf 78' lang='grc' dir='ltr'><em>Κύπριν,</em></span> <span class='ocrx_word' id='word_1_129' title='bbox 1786 1681 1893 1723; x_wconf 80' lang='lat'>1025</span> 
     </span>
     <span class='ocr_line' id='line_1_23' title="bbox 401 1748 1541 1824; baseline 0.002 -18.034"><span class='ocrx_word' id='word_1_130' title='bbox 401 1748 574 1822; x_wconf 79' lang='grc' dir='ltr'><em>Ἡρας</em></span> <span class='ocrx_word' id='word_1_131' title='bbox 598 1751 658 1807; x_wconf 91' lang='grc' dir='ltr'><em>δε</em></span> <span class='ocrx_word' id='word_1_132' title='bbox 683 1749 783 1822; x_wconf 85' lang='grc' dir='ltr'><em>τὴν</em></span> <span class='ocrx_word' id='word_1_133' title='bbox 810 1758 1034 1808; x_wconf 79' lang='grc' dir='ltr'><em>ἔννοιαν</em></span> <span class='ocrx_word' id='word_1_134' title='bbox 1059 1755 1119 1808; x_wconf 84' lang='grc' dir='ltr'><em>ἐν</em></span> <span class='ocrx_word' id='word_1_135' title='bbox 1145 1749 1328 1808; x_wconf 82' lang='grc' dir='ltr'><em>ταύτω</em></span> <span class='ocrx_word' id='word_1_136' title='bbox 1352 1754 1541 1824; x_wconf 88' lang='grc' dir='ltr'><em>μένειν</em></span> 
     </span>
    </p>

    <p class='ocr_par' dir='ltr' id='par_1_19' title="bbox 412 1834 1554 1909">
     <span class='ocr_line' id='line_1_24' title="bbox 412 1834 1554 1909; baseline 0.002 -18"><span class='ocrx_word' id='word_1_137' title='bbox 412 1834 481 1908; x_wconf 82' lang='grc' dir='ltr'><em>ἢν</em></span> <span class='ocrx_word' id='word_1_138' title='bbox 507 1842 582 1901; x_wconf 83' lang='grc' dir='ltr'><em>εἰς</em></span> <span class='ocrx_word' id='word_1_139' title='bbox 607 1836 668 1892; x_wconf 91' lang='grc' dir='ltr'><em>σε</em></span> <span class='ocrx_word' id='word_1_140' title='bbox 692 1838 785 1892; x_wconf 82' lang='grc' dir='ltr'><em>καὶ</em></span> <span class='ocrx_word' id='word_1_141' title='bbox 810 1836 910 1893; x_wconf 87' lang='grc' dir='ltr'><em>σὸν</em></span> <span class='ocrx_word' id='word_1_142' title='bbox 942 1836 1106 1893; x_wconf 89' lang='grc' dir='ltr'><em>πόσιν</em></span> <span class='ocrx_word' id='word_1_143' title='bbox 1131 1845 1241 1909; x_wconf 82' lang='grc' dir='ltr'><em>ἔχει</em></span> <span class='ocrx_word' id='word_1_144' title='bbox 1266 1843 1554 1909; x_wconf 81' lang='grc' dir='ltr'><em>σωτηρίας.</em></span> 
     </span>
    </p>

    <p class='ocr_par' dir='ltr' id='par_1_20' title="bbox 415 1914 1838 2080">
     <span class='ocr_line' id='line_1_25' title="bbox 415 1914 1838 1995; baseline 0 -17"><span class='ocrx_word' id='word_1_145' title='bbox 415 1919 483 1978; x_wconf 83' lang='grc' dir='ltr'>σύ</span> <span class='ocrx_word' id='word_1_146' title='bbox 512 1918 586 1993; x_wconf 77' lang='grc' dir='ltr'><em>δ’,</em></span> <span class='ocrx_word' id='word_1_147' title='bbox 618 1914 659 1976; x_wconf 72' lang='grc' dir='ltr'><em>ὦ</em></span> <span class='ocrx_word' id='word_1_148' title='bbox 688 1922 887 1978; x_wconf 72' lang='grc' dir='ltr'><em>θανών</em></span> <span class='ocrx_word' id='word_1_149' title='bbox 910 1945 1002 1994; x_wconf 92' lang='grc' dir='ltr'><em>μοι</em></span> <span class='ocrx_word' id='word_1_150' title='bbox 1028 1923 1225 1995; x_wconf 68' lang='grc' dir='ltr'><em>πάτερ,</em></span> <span class='ocrx_word' id='word_1_151' title='bbox 1257 1920 1390 1979; x_wconf 78' lang='grc' dir='ltr'><em>ὅσον</em></span> <span class='ocrx_word' id='word_1_152' title='bbox 1413 1920 1469 1994; x_wconf 81' lang='grc' dir='ltr'><em>γ’</em></span> <span class='ocrx_word' id='word_1_153' title='bbox 1501 1922 1607 1994; x_wconf 76' lang='grc' dir='ltr'><em>ἐγὼ</em></span> <span class='ocrx_word' id='word_1_154' title='bbox 1634 1925 1838 1991; x_wconf 73' lang='grc' dir='ltr'><em>σθένω,</em></span> 
     </span>
     <span class='ocr_line' id='line_1_26' title="bbox 417 2004 1667 2080; baseline 0 -18"><span class='ocrx_word' id='word_1_155' title='bbox 417 2004 620 2063; x_wconf 69' lang='grc' dir='ltr'><em>οὔποτε</em></span> <span class='ocrx_word' id='word_1_156' title='bbox 648 2008 903 2078; x_wconf 88' lang='grc' dir='ltr'><em>κεκλήσει</em></span> <span class='ocrx_word' id='word_1_157' title='bbox 929 2006 1205 2080; x_wconf 83' lang='grc' dir='ltr'><em>δυσσεβὴς</em></span> <span class='ocrx_word' id='word_1_158' title='bbox 1231 2004 1354 2063; x_wconf 77' lang='grc' dir='ltr'><em>ἀντ’</em></span> <span class='ocrx_word' id='word_1_159' title='bbox 1385 2006 1667 2079; x_wconf 77' lang='grc' dir='ltr'><em>εὐσεβοῦς.</em></span> 
     </span>
    </p>

    <p class='ocr_par' dir='ltr' id='par_1_21' title="bbox 412 2089 1895 2252">
     <span class='ocr_line' id='line_1_27' title="bbox 412 2089 1895 2165; baseline 0.001 -17"><span class='ocrx_word' id='word_1_160' title='bbox 412 2090 599 2157; x_wconf 77' lang='grc' dir='ltr'><em>οὐδείς</em></span> <span class='ocrx_word' id='word_1_161' title='bbox 625 2089 748 2147; x_wconf 80' lang='grc' dir='ltr'><em>ποτ’</em></span> <span class='ocrx_word' id='word_1_162' title='bbox 770 2090 1082 2165; x_wconf 81' lang='grc' dir='ltr'><em>ηὐτύχησεν</em></span> <span class='ocrx_word' id='word_1_163' title='bbox 1109 2098 1326 2157; x_wconf 80' lang='grc' dir='ltr'><em>ἔκδικος</em></span> <span class='ocrx_word' id='word_1_164' title='bbox 1350 2093 1542 2164; x_wconf 75' lang='grc' dir='ltr'><em>γεγώς,</em></span> <span class='ocrx_word' id='word_1_165' title='bbox 1783 2107 1895 2150; x_wconf 83' lang='grc'><strong>1030</strong></span> 
     </span>
     <span class='ocr_line' id='line_1_28' title="bbox 416 2175 1440 2252; baseline 0.001 -19"><span class='ocrx_word' id='word_1_166' title='bbox 416 2180 476 2233; x_wconf 84' lang='grc' dir='ltr'><em>ἐν</em></span> <span class='ocrx_word' id='word_1_167' title='bbox 502 2183 577 2251; x_wconf 76' lang='grc' dir='ltr'><em>τῷ</em></span> <span class='ocrx_word' id='word_1_168' title='bbox 602 2181 801 2252; x_wconf 73' lang='grc' dir='ltr'><em>δικαίῳ</em></span> <span class='ocrx_word' id='word_1_169' title='bbox 827 2175 878 2233; x_wconf 84' lang='grc' dir='ltr'><em>δ’</em></span> <span class='ocrx_word' id='word_1_170' title='bbox 907 2181 1125 2243; x_wconf 77' lang='grc' dir='ltr'><em>ἐλπίδες</em></span> <span class='ocrx_word' id='word_1_171' title='bbox 1150 2185 1440 2250; x_wconf 86' lang='grc' dir='ltr'><em>σωτηρίας.</em></span> 
     </span>
    </p>

    <p class='ocr_par' dir='ltr' id='par_1_22' title="bbox 412 2262 1709 2506">
     <span class='ocr_line' id='line_1_29' title="bbox 412 2262 1681 2334; baseline 0.001 -16"><span class='ocrx_word' id='word_1_172' title='bbox 412 2265 698 2332; x_wconf 75' lang='grc' dir='ltr'><em>Μενέλαε,</em></span> <span class='ocrx_word' id='word_1_173' title='bbox 723 2262 861 2334; x_wconf 83' lang='grc' dir='ltr'><em>πρὸς</em></span> <span class='ocrx_word' id='word_1_174' title='bbox 885 2264 987 2334; x_wconf 76' lang='grc' dir='ltr'><em>μὲν</em></span> <span class='ocrx_word' id='word_1_175' title='bbox 1010 2266 1303 2334; x_wconf 81' lang='grc' dir='ltr'><em>παρθένου</em></span> <span class='ocrx_word' id='word_1_176' title='bbox 1329 2264 1681 2334; x_wconf 74' lang='grc' dir='ltr'><em>σεσωσμεθα·</em></span> 
     </span>
     <span class='ocr_line' id='line_1_30' title="bbox 416 2343 1709 2417; baseline -0.002 -15"><span class='ocrx_word' id='word_1_177' title='bbox 416 2343 724 2402; x_wconf 75' lang='grc' dir='ltr'><em>τούνθένδε</em></span> <span class='ocrx_word' id='word_1_178' title='bbox 771 2347 838 2416; x_wconf 90' lang='grc' dir='ltr'><em>δὴ</em></span> <span class='ocrx_word' id='word_1_179' title='bbox 864 2352 924 2401; x_wconf 83' lang='grc' dir='ltr'><em>σὲ</em></span> <span class='ocrx_word' id='word_1_180' title='bbox 950 2347 1083 2412; x_wconf 81' lang='grc' dir='ltr'><em>τούς</em></span> <span class='ocrx_word' id='word_1_181' title='bbox 1109 2346 1310 2416; x_wconf 84' lang='grc' dir='ltr'><em>λόγους</em></span> <span class='ocrx_word' id='word_1_182' title='bbox 1337 2352 1580 2416; x_wconf 82' lang='grc' dir='ltr'><em>φέροντα</em></span> <span class='ocrx_word' id='word_1_183' title='bbox 1607 2349 1709 2417; x_wconf 85' lang='grc' dir='ltr'><em>χρὴ</em></span> 
     </span>
     <span class='ocr_line' id='line_1_31' title="bbox 414 2429 1528 2506; baseline 0.002 -19"><span class='ocrx_word' id='word_1_184' title='bbox 414 2429 610 2503; x_wconf 90' lang='grc' dir='ltr'><em>κοινὴν</em></span> <span class='ocrx_word' id='word_1_185' title='bbox 634 2431 940 2488; x_wconf 77' lang='grc' dir='ltr'><em>συνάπτειν</em></span> <span class='ocrx_word' id='word_1_186' title='bbox 963 2433 1215 2505; x_wconf 87' lang='grc' dir='ltr'><em>μηχανὴν</em></span> <span class='ocrx_word' id='word_1_187' title='bbox 1238 2440 1528 2506; x_wconf 88' lang='grc' dir='ltr'><em>σωτηρίας.</em></span> 
     </span>
    </p>
   </div>
   <div class='ocr_carea' id='block_1_6' title="bbox 223 2515 1892 2591">
    <p class='ocr_par' dir='ltr' id='par_1_23' title="bbox 223 2515 1892 2591">
     <span class='ocr_line' id='line_1_32' title="bbox 223 2515 1892 2591; baseline 0.001 -17"><span class='ocrx_word' id='word_1_188' title='bbox 223 2525 347 2574; x_wconf 89' lang='lat' dir='ltr'><em>ME.</em></span> <span class='ocrx_word' id='word_1_189' title='bbox 408 2515 580 2573; x_wconf 72' lang='grc' dir='ltr'><em>ἄκουε</em></span> <span class='ocrx_word' id='word_1_190' title='bbox 607 2518 674 2588; x_wconf 92' lang='grc' dir='ltr'><em>δή</em></span> <span class='ocrx_word' id='word_1_191' title='bbox 700 2536 834 2573; x_wconf 89' lang='grc' dir='ltr'><em>νυν·</em></span> <span class='ocrx_word' id='word_1_192' title='bbox 861 2515 1083 2591; x_wconf 88' lang='grc' dir='ltr'><em>χρόνιος</em></span> <span class='ocrx_word' id='word_1_193' title='bbox 1110 2518 1159 2574; x_wconf 77' lang='grc' dir='ltr'><em>εἴ</em></span> <span class='ocrx_word' id='word_1_194' title='bbox 1180 2523 1318 2574; x_wconf 82' lang='grc' dir='ltr'><em>κατὰ</em></span> <span class='ocrx_word' id='word_1_195' title='bbox 1344 2522 1538 2591; x_wconf 87' lang='grc' dir='ltr'><em>στέγας</em></span> <span class='ocrx_word' id='word_1_196' title='bbox 1783 2533 1892 2576; x_wconf 83' lang='grc'><strong>1035</strong></span> 
     </span>
    </p>
   </div>
   <div class='ocr_carea' id='block_1_7' title="bbox 225 2695 331 2743">
    <p class='ocr_par' dir='ltr' id='par_1_24' title="bbox 225 2695 331 2743">
     <span class='ocr_line' id='line_1_33' title="bbox 225 2695 331 2743; baseline -0.009 0"><span class='ocrx_word' id='word_1_197' title='bbox 225 2695 331 2743; x_wconf 88' lang='grc' dir='ltr'><em>ΕΛ.</em></span> 
     </span>
    </p>
   </div>
   <div class='ocr_carea' id='block_1_8' title="bbox 414 2604 1721 2850">
    <p class='ocr_par' dir='ltr' id='par_1_25' title="bbox 414 2604 1721 2850">
     <span class='ocr_line' id='line_1_34' title="bbox 414 2604 1611 2676; baseline 0.002 -18"><span class='ocrx_word' id='word_1_198' title='bbox 414 2604 506 2658; x_wconf 83' lang='grc' dir='ltr'><em>καὶ</em></span> <span class='ocrx_word' id='word_1_199' title='bbox 531 2605 912 2673; x_wconf 82' lang='grc' dir='ltr'><em>ξυντέθραψαι</em></span> <span class='ocrx_word' id='word_1_200' title='bbox 937 2604 1302 2675; x_wconf 85' lang='grc' dir='ltr'><em>προσπόλοισι</em></span> <span class='ocrx_word' id='word_1_201' title='bbox 1326 2608 1611 2676; x_wconf 85' lang='grc' dir='ltr'><em>βασιλέως.</em></span> 
     </span>
     <span class='ocr_line' id='line_1_35' title="bbox 414 2685 1555 2761; baseline 0.004 -20"><span class='ocrx_word' id='word_1_202' title='bbox 414 2694 471 2742; x_wconf 88' lang='grc' dir='ltr'><em>τί</em></span> <span class='ocrx_word' id='word_1_203' title='bbox 487 2685 637 2742; x_wconf 78' lang='grc' dir='ltr'><em>τοῦτ’</em></span> <span class='ocrx_word' id='word_1_204' title='bbox 667 2690 873 2754; x_wconf 74' lang='grc' dir='ltr'><em>ἔλεξαςς</em></span> <span class='ocrx_word' id='word_1_205' title='bbox 899 2691 1172 2760; x_wconf 80' lang='grc' dir='ltr'><em>εἰσφέρεις</em></span> <span class='ocrx_word' id='word_1_206' title='bbox 1195 2689 1300 2761; x_wconf 76' lang='grc' dir='ltr'><em>γὰρ</em></span> <span class='ocrx_word' id='word_1_207' title='bbox 1328 2693 1555 2755; x_wconf 87' lang='grc' dir='ltr'><em>ἐλπίδας</em></span> 
     </span>
     <span class='ocr_line' id='line_1_36' title="bbox 417 2770 1721 2850; baseline 0.002 -24"><span class='ocrx_word' id='word_1_208' title='bbox 417 2770 488 2837; x_wconf 78' lang='grc' dir='ltr'><em>ὡς</em></span> <span class='ocrx_word' id='word_1_209' title='bbox 512 2771 580 2843; x_wconf 87' lang='grc' dir='ltr'><em>δή</em></span> <span class='ocrx_word' id='word_1_210' title='bbox 605 2796 656 2827; x_wconf 92' lang='grc' dir='ltr'><em>τι</em></span> <span class='ocrx_word' id='word_1_211' title='bbox 681 2773 903 2841; x_wconf 81' lang='grc' dir='ltr'><em>δράσων</em></span> <span class='ocrx_word' id='word_1_212' title='bbox 925 2773 1162 2846; x_wconf 84' lang='grc' dir='ltr'><em>χρηστὸν</em></span> <span class='ocrx_word' id='word_1_213' title='bbox 1189 2780 1264 2839; x_wconf 84' lang='grc' dir='ltr'><em>εἰς</em></span> <span class='ocrx_word' id='word_1_214' title='bbox 1287 2774 1479 2831; x_wconf 90' lang='grc' dir='ltr'><em>κοινόν</em></span> <span class='ocrx_word' id='word_1_215' title='bbox 1504 2797 1564 2846; x_wconf 81' lang='grc' dir='ltr'><em>γε</em></span> <span class='ocrx_word' id='word_1_216' title='bbox 1594 2781 1721 2850; x_wconf 73' lang='grc' dir='ltr'><em>νῷν.</em></span> 
     </span>
    </p>
   </div>
   <div class='ocr_carea' id='block_1_9' title="bbox 358 2861 524 2867">
    <p class='ocr_par' dir='ltr' id='par_1_26' title="bbox 358 2861 524 2867">
     <span class='ocr_line' id='line_1_37' title="bbox 358 2861 524 2867; baseline 0 0"><span class='ocrx_word' id='word_1_217' title='bbox 358 2861 524 2867; x_wconf 95' lang='lat' dir='ltr'><em> </em></span> 
     </span>
    </p>
   </div>
   <div class='ocr_carea' id='block_1_10' title="bbox 412 2876 1892 2934">
    <p class='ocr_par' dir='ltr' id='par_1_27' title="bbox 412 2876 1892 2934">
     <span class='ocr_line' id='line_1_38' title="bbox 412 2876 1892 2934; baseline 0.004 -14"><span class='ocrx_word' id='word_1_218' title='bbox 412 2876 693 2933; x_wconf 75' lang='grc' dir='ltr'><em>πειράσομαι</em></span> <span class='ocrx_word' id='word_1_219' title='bbox 720 2878 770 2921; x_wconf 73' lang='grc' dir='ltr'><em>δὲ</em></span> <span class='ocrx_word' id='word_1_220' title='bbox 797 2878 1036 2934; x_wconf 83' lang='grc' dir='ltr'><em>παρθένος</em></span> <span class='ocrx_word' id='word_1_221' title='bbox 1063 2880 1218 2934; x_wconf 82' lang='grc' dir='ltr'><em>μένειν</em></span> <span class='ocrx_word' id='word_1_222' title='bbox 1246 2876 1334 2923; x_wconf 88' lang='grc' dir='ltr'><em>ἀεί.</em></span> <span class='ocrx_word' id='word_1_223' title='bbox 1784 2884 1892 2926; x_wconf 84' lang='lat'>1008</span> 
     </span>
    </p>
   </div>
  </div>
 </body>
</html>
