2022 3126
141 412 254 460 AA.

137 498 254 544 AA.

138 583 254 628 AA.

135 666 252 712 ΑΔ.

134 744 247 796 ΧΟ.

135 920 252 966 ΑΔ.

132 1257 244 1305 ΧΟ.

128 1513 248 1559 ΑΔ.

128 1597 248 1644 ΑΔ.

134 1683 248 1729 ΑΛ.

127 1768 248 1813 ΑΔ.

129 1850 242 1898 ΧΟ.

129 2021 250 2066 ΑΔ.

130 2188 243 2235 XO.

128 2358 247 2405 AA.

129 2694 241 2743 XO.

802 97 1140 143 ΙΚΕΤΙΔΕΣ
1690 100 1791 153 397

325 236 714 308 προσηγόρημα
743 238 1009 307 ματέρων,

325 324 622 391 προσαυδῶ
647 338 708 375 σε
732 319 827 374 τὸν
850 320 1115 374 θανόντα,

326 402 389 460 ἰῶ
417 403 507 474 ἰῶ,
537 411 654 460 XO.
682 411 792 459 τῶν
816 401 871 474 γ’
898 407 1043 473 ἐμῶν
1067 412 1254 461 κακῶν
1285 407 1406 477 ἐγώ.
1706 426 1788 468 805

325 494 455 544 αἰαῖ
517 496 633 544 XO
686 500 710 527 *
801 499 825 529 *
914 500 938 527 *
1029 501 1052 528 *
1144 503 1166 530 *
1257 503 1281 531 *
1373 506 1396 533 ⁴1

325 573 606 644 ἐπάθομεν
631 571 673 627 ῶ
711 607 766 611 --
828 580 945 628 ΧΟ.
975 572 1038 627 τὰ
1063 573 1287 630 κύντατ’
1316 574 1454 649 ἅλγη
1480 584 1682 634 κακῶν.

326 659 367 712 ῶ
395 657 551 722 πόλις
569 655 815 728 Ἀργεί,α
843 656 940 713 τὸν
966 657 1099 728 ἐμὸν
1122 659 1328 730 πότμον
1353 660 1455 717 οὐκ
1481 665 1732 733 ἐσορᾶτε;

317 739 523 813 ὁρῶσιν
552 746 642 815 ἐμε
668 747 768 817 τὴν

321 827 608 895 τάλαιναν,
635 830 844 884 τέκνων
871 824 1092 882 απαιδα.
1708 845 1788 888 810

325 912 627 983 προσάγετε
651 919 762 968 τῶν
792 912 1126 982 δυσπότμων
1587 914 1702 971 άντ.

320 994 537 1066 σώμαθ’
565 1000 948 1067 αἱματοσταγῆ,

321 1082 599 1151 σφαγέντα
627 1079 676 1135 τ’
705 1079 807 1137 οὐκ
832 1078 936 1147 ἄξι’
973 1079 1097 1137 οὐδ’
1126 1079 1227 1137 ὑπ’
1255 1079 1440 1153 ἀξίων,

318 1167 377 1219 ἐν
402 1161 482 1229 οἷς
506 1162 659 1235 άγῶν
683 1164 945 1237 ἐκράνθη.

316 1247 460 1318 δόθ’,
489 1247 561 1315 ῶς
585 1263 966 1322 περιπτυχαῖσι
993 1249 1060 1322 δὴ
1706 1270 1786 1312 815

319 1337 477 1404 χέρας
503 1333 911 1407 προσαρμόσασ’
941 1338 1086 1407 ἐμοῖς

319 1421 378 1474 ἐν
403 1416 612 1490 ἀγκῶσι
636 1422 800 1476 τέκνα
823 1427 1027 1491 θῶμαι.

319 1509 456 1573 ἔχεις
485 1510 622 1575 ἔχεις
645 1537 728 1546 —
773 1513 888 1561 XO.
916 1506 1178 1577 πημάτων
1205 1506 1258 1578 γ’
1289 1503 1406 1572 άλις
1431 1508 1615 1580 βάρος.

321 1593 450 1644 αἰαῖ.
502 1596 617 1645 ΧΟ.
645 1603 756 1655 τοῖς
781 1596 1002 1646 τεκοῦσι
1028 1589 1083 1646 δ’
1113 1592 1217 1647 οὐν
1241 1593 1430 1663 λέγεις.

320 1669 468 1729 άίετέ
486 1698 610 1744 μου.
668 1682 782 1730 XO.
809 1677 1016 1739 στένεις
1041 1674 1128 1731 ἐπ’
1157 1673 1365 1748 ἀμφοῖν
1388 1701 1506 1748 αχη.
1701 1690 1785 1734 820

323 1766 443 1814 εἴθε
466 1782 531 1829 με
557 1764 854 1831 Καδμείων
879 1766 1078 1830 ἔναρον
1104 1768 1279 1832 στίχες
1304 1766 1364 1818 ἐν
1386 1768 1676 1818 κονίαισιν.

317 1842 448 1913 ἐμὸν
476 1843 537 1899 δὲ
559 1842 759 1915 μήποτ’
788 1842 948 1916 ἐζύγη

318 1929 483 1998 δέμας
501 1925 633 1997 γ’ἐς
663 1933 866 2001 ἀνδρὸς
898 1930 1086 1987 εὐνάν.

325 2017 469 2069 ἴδετε
492 2020 680 2069 κακῶν
705 2015 966 2085 πέλαγος,
994 2008 1037 2070 ῶ

317 2099 543 2169 ματέρες
563 2099 813 2155 τάλαιναι
839 2101 1063 2155 τέκνων.
1700 2115 1783 2159 825

314 2181 450 2236 κατὰ
475 2183 577 2253 μὲν
601 2180 792 2250 ὄνυξιν
815 2181 1163 2256 ἠλοκίσμεθ’,
1194 2182 1334 2256 ἀμφὶ
1360 2186 1418 2240 δὲ

318 2266 527 2322 σποδὸν
552 2267 692 2337 κάρα
725 2268 1021 2339 κεχύμεθα.

319 2350 382 2405 siai
412 2351 476 2406 ἰῶ
499 2358 599 2422 μοι’
619 2372 734 2422 μοι’

314 2436 451 2491 κατά
473 2459 540 2507 με
563 2438 734 2492 πέδον
759 2443 857 2508 γᾶς
880 2441 1010 2507 ἕλοι,

315 2519 407 2575 διὰ
432 2521 494 2577 δὲ
517 2521 732 2577 θύελλα
755 2523 974 2593 σπάσαι,
1696 2537 1782 2584 830

313 2605 488 2678 πυρός
512 2628 570 2661 τε
597 2605 842 2678 φλογμὸς
867 2604 895 2663 ὁ
919 2605 1056 2671 Διὸς
1082 2610 1141 2663 ἐν
1165 2607 1307 2682 κάρᾳ
1332 2611 1502 2666 πέσοι.

311 2689 545 2762 πικροὺς
569 2694 773 2755 ἐσεῖδες
799 2691 1022 2763 γάμους,

315 2774 518 2845 πικρὰν
542 2775 604 2831 δὲ
629 2781 838 2846 Φοίβου
872 2777 1038 2847 φάτιν
1053 2796 1064 2805 ·

316 2859 487 2930 ἔρημά
511 2855 564 2914 σ’
593 2856 627 2914 ἆ
651 2859 984 2925 πολύστονος
1014 2862 1284 2918 Οἰδιπόδα
1696 2875 1780 2922 835
