2022 3126
273 85 376 136 386

273 575 386 623 XO.

274 745 394 793 KH,

937 86 1058 132 HOE
1066 87 1277 133 ΤΙΔΕΣ

461 226 695 299 περισσὰ
720 233 926 329 φωνῶν
942 245 952 255 ·
992 226 1089 281 τὸν
1113 225 1219 297 γὰρ
1249 223 1485 297 ἄγγελον
1507 226 1688 298 χρεών

462 310 684 380 λέξανθ’
716 309 800 368 ὅσ’
831 308 900 367 ἂν
923 311 1054 384 τάξῃ
1079 334 1160 375 τις
1186 308 1258 376 ὥς
1282 312 1440 382 τάχος
1464 311 1632 367 πάλιν

459 410 677 469 χωρεῖν.
729 396 787 452 τὸ
814 395 1011 453 λοιπὸν
1036 393 1088 451 δ’
1121 401 1197 461 είς
1222 395 1358 467 ἐμὴν
1383 396 1547 452 πόλιν
1570 399 1768 465 Κρέων

462 484 636 553 ἡσσον
661 482 830 537 λάλον
854 500 956 537 σου
982 482 1238 552 πεμπέτω
1262 479 1373 537 τιν’
1405 478 1657 552 άγγελον

457 573 567 638 φεῦ
594 574 726 638 φεῦ·
757 580 1012 623 κακοῖσιν
1038 589 1109 630 ως
1134 563 1267 622 ὅταν
1293 571 1509 638 δαίμων
1534 571 1672 641 διδῷ

460 659 666 723 καλῶς,
695 650 978 725 ὑβρίζουσ’
1009 649 1081 716 ὠς
1107 647 1193 706 ἀεὶ
1216 652 1515 753 πράξοντες
1541 653 1622 706 εὐ,

458 736 668 809 λέγοιμ’
698 734 767 792 ἄν
792 735 914 809 ἤδη.
972 743 1083 792 τῶν
1107 736 1209 807 μὲν
1232 734 1632 808 ἠγωνισμένων

460 825 547 878 σοὶ
571 823 671 894 μὲν
698 827 927 878 δοκείτω
952 818 1129 890 ταῦτ’,
1155 823 1275 892 ε’μοὶ
1299 823 1360 878 δὲ
1385 820 1594 877 τάντία.

462 907 568 979 ἐγὼ
595 905 650 964 δ’
679 906 913 964 ἀπαυδῶ
939 913 1045 972 πᾶς
1069 930 1128 962 τε
1157 912 1432 978 Καδμεῖος
1456 905 1593 972 λεώς

447 989 758 1064 ’Ἄδραστον
784 999 860 1058 εἰς
884 998 990 1064 γῆν
1012 992 1178 1063 τήνδε
1202 992 1274 1063 μὴ
1301 993 1585 1063 παριέναι·

465 1083 515 1133 ει’
537 1076 589 1133 δ’
623 1082 772 1134 ἔστιν
800 1082 860 1134 ἐν
887 1084 986 1151 γῇ,
1013 1079 1145 1148 πρὶν
1168 1084 1310 1133 θεοῦ
1336 1083 1505 1133 δῦναι
1529 1079 1706 1148 σέλας,

463 1164 709 1219 λύσαντα
733 1162 906 1234 σεμνὰ
930 1162 1253 1233 στεμμάτων
1280 1164 1496 1234 ίκτήρια

461 1245 618 1320 τῆσδ’
651 1248 967 1315 ἐξελαύνειν
991 1245 1121 1318 μηδ’
1151 1245 1503 1318 ἀναιρεῖσθαι
1527 1247 1763 1319 νεκρούς

462 1340 584 1406 βίᾳ,
610 1337 891 1405 προσῆκόν
920 1329 973 1405 γ’
1001 1330 1171 1388 οὐδὲν
1190 1331 1454 1404 Ἀργείων
1479 1332 1651 1388 πόλει.

463 1415 567 1473 κᾶν
590 1420 692 1489 μὲν
716 1425 858 1492 πίθῃ
883 1442 1000 1489 μοι,
1027 1418 1288 1489 κυμάτων
1315 1416 1443 1487 ἄτερ
1473 1417 1635 1474 πόλιν

461 1503 566 1574 σὴν
592 1504 1005 1575 ναυστολήσεις·
1036 1509 1086 1558 εί
1108 1505 1170 1559 δὲ
1195 1504 1297 1575 μή,
1325 1502 1499 1568 πολὺς
1523 1504 1750 1560 κλύδων

462 1587 594 1660 ἡμῖν
617 1612 675 1645 τε
699 1591 792 1644 καὶ
816 1592 905 1645 σοὶ
926 1589 1226 1660 συμμάχοις
1251 1587 1299 1643 τ’
1330 1594 1480 1645 ἔσται
1505 1589 1683 1661 δορός.

461 1676 659 1741 σκέψαι
686 1675 748 1731 δὲ
770 1677 862 1730 καὶ
886 1676 958 1746 μὴ
987 1687 1098 1739 τοῖς
1128 1677 1277 1745 ἐμοῖς
1303 1673 1660 1745 θυμούμενος

463 1759 737 1830 λόγοισιν,
768 1758 839 1825 ὡς
866 1759 934 1831 δὴ
960 1760 1124 1815 πόλιν
1149 1762 1458 1829 ἐλευθέραν
1485 1765 1643 1830 ἔχων,

463 1843 767 1917 σφριγῶντ’
797 1843 1003 1917 ἀμείψῃ
1028 1851 1218 1916 μῦθον
1248 1848 1307 1901 ἐκ
1333 1845 1662 1916 βραχιόνων.

469 1933 618 1995 ἐλπὶς
643 1938 860 2002 βροτοῖς
886 1931 1174 2000 κάκιστον,
1203 1927 1238 2001 ἣ
1261 1928 1464 1994 πολλὰς
1491 1929 1677 1995 πόλεις

465 2012 695 2085 συνῆψ’,
722 2013 934 2087 ἄγουσα
959 2014 1148 2086 θυμὸν
1174 2021 1250 2080 είς
1274 2012 1604 2086 ὑπερβολάς.

463 2097 598 2155 ὅταν
622 2099 727 2172 γὰρ
754 2107 893 2173 ἔλθῃ
920 2101 1154 2171 πόλεμος
1182 2106 1258 2164 εἰς
1281 2106 1472 2171 ψῆφον
1500 2100 1632 2170 λεω’,

464 2182 651 2250 οὐδεὶς
676 2183 765 2241 ἔθ’
796 2182 970 2241 αὑτοῦ
995 2185 1244 2241 θάνατον
1270 2188 1620 2256 ἐκλογίζεται,

465 2269 524 2326 τὸ
553 2271 819 2342 δυστυχὲς
845 2270 906 2326 δὲ
931 2267 1083 2326 τοῦτ’
1113 2273 1166 2335 ἐς
1191 2268 1361 2326 ἄλλον
1387 2272 1661 2342 ἐκτρέπει·

467 2360 517 2410 εί
540 2353 589 2411 δ’
618 2348 691 2427 ἦν
715 2353 847 2427 παρ’
877 2353 1022 2428 ὄμμα
1052 2356 1293 2421 θάνατος
1319 2359 1378 2411 ἐν
1401 2355 1598 2427 ψήφου
1624 2362 1790 2431 φορᾷ,

462 2437 565 2494 οὐκ
594 2438 663 2496 ἅν
693 2439 828 2497 ποθ’
852 2439 1038 2506 Ἑλλὰς
1066 2439 1366 2513 δοριμανὴς
1390 2438 1700 2496 ἀπώλλυτο.

467 2531 647 2581 καίτοι
676 2531 837 2582 δυοῖν
862 2550 924 2597 γε
949 2526 1147 2591 πάντες
1173 2524 1466 2597 ἅνθρωποι
1493 2526 1683 2598 λόγοιν

464 2608 562 2665 τὸν
585 2608 864 2682 κρείσσον’
895 2620 1053 2683 ἴσμεν
1076 2613 1171 2666 καὶ
1192 2610 1258 2667 τὰ
1282 2608 1487 2682 χρηστὰ
1511 2613 1604 2666 καὶ
1627 2610 1785 2680 κακά,

468 2691 580 2770 ὅσῳ
605 2719 663 2751 τε
689 2698 931 2767 πολέμου
956 2709 1215 2767 κρεῖσσον
1242 2695 1431 2767 εἰρήνη
1457 2702 1674 2767 βροτοῖς
1690 2714 1701 2725 ·

466 2775 501 2849 ἢ
524 2787 713 2851 πρῶτα
735 2782 836 2852 μὲν
860 2781 1148 2837 Μούσαισι
1177 2781 1640 2853 προσφιλεστάτη,

467 2863 644 2932 γόοισι
670 2864 722 2922 δ’
754 2867 956 2938 ἐχθρά,
982 2869 1235 2938 τέρπεται
1261 2863 1316 2922 δ’
1345 2861 1624 2939 εὐπαιδίᾳ,

1851 328 1939 373 460

1858 1177 1942 1220 470

1857 1602 1942 1646 475

1860 2876 1944 2920 490
