2022 3126
251 75 314 127 54

249 2009 358 2058 XO.

245 2179 348 2226 ΕΡ.

245 2349 367 2398 ΑΝ.

247 2435 349 2482 ΕΡ.

245 2520 368 2568 AN.

246 2605 351 2654 ΕΡ.

247 2690 369 2739 ΑΝ.

251 2775 351 2824 ΕΡ.

833 75 1287 123 ΑΝΔΡΟΜΑΧῊ

434 223 692 282 πλουτεῖς
717 214 770 273 δ’
801 220 860 272 ἐν
889 213 957 271 οῦ
985 222 1316 285 πλουτοῦσι,
1341 216 1639 279 Μενέλεως
1666 216 1731 271 δέ
1750 231 1836 271 σοι

436 308 636 374 μείζων
653 300 954 373 Ἀχιλλέως.
1003 301 1176 356 ταῦτά
1198 307 1289 356 τοί
1310 297 1363 356 σ’
1396 306 1549 370 ἔχθει
1573 299 1746 366 πόσις.

432 386 535 458 χρὴ
567 386 672 459 γὰρ
697 398 964 458 γυναῖκα,
991 382 1097 440 κᾶν
1122 392 1273 460 κακῷ
1302 390 1450 456 δοθῇ
1478 383 1654 457 πόσει,

433 475 685 543 στέργειν
709 468 945 542 ἅμιλλάν
968 468 1007 525 τ’
1042 467 1145 525 οῦκ
1171 477 1316 541 ἔχειν
1341 470 1709 541 φρονήματος.

435 563 486 612 εἰ
507 562 539 612 δ
548 556 560 576 ’
589 554 732 628 ἀμφὶ
758 556 985 628 Θρῄκην
1011 555 1157 625 χιόνι
1180 554 1281 626 τὴν
1306 555 1655 626 κατάρρυτον
1829 568 1909 610 215

434 642 714 712 τύραννον
740 647 890 712 ἔσχες
915 637 1089 710 ἄνδρ’,
1123 637 1188 695 ἵν’
1217 643 1277 695 ἐν
1300 642 1454 711 μέρει
1478 642 1631 710 λέχος

433 731 631 783 δίδωσι
655 733 883 791 πολλαῖς
909 722 985 790 εἷς
1011 722 1151 798 ἀνὴρ
1176 725 1554 795 κοινούμενος,

432 817 678 877 ἔκτεινας
705 807 776 866 ἂν
798 808 978 877 τάσδ’;
1008 807 1098 866 εἶτ’
1127 808 1436 881 ἀπληστίαν
1465 811 1659 880 λέχους

432 897 630 962 πάσαις
653 897 873 968 γυναιξὶ
899 892 1241 968 προστιθεῖσ’
1271 891 1340 951 ἂν
1363 892 1624 967 ηὑρέθης.

433 982 662 1054 αἰσχρόν
687 1001 776 1053 γε·
803 987 982 1037 καίτοι
1005 978 1206 1052 χείρον’
1237 978 1489 1053 ἀρσένων
1512 979 1684 1036 νόσον
1828 993 1911 1036 ‘220

433 1067 642 1139 ταύτην
667 1073 972 1139 νοσοῦμεν,
1001 1063 1143 1121 ἀλλὰ
1167 1066 1523 1137 προύστημεν
1549 1072 1745 1131 καλῶς.

436 1144 480 1208 ὦ
504 1149 727 1224 φίλταθ’
745 1149 970 1223 ’Ἑκτορ,
997 1148 1109 1206 ἀλλ’
1140 1150 1246 1222 ἐγω
1273 1150 1374 1222 τὴν
1399 1149 1505 1222 σὴν
1527 1147 1691 1222 χάριν

432 1239 520 1293 σοὶ
544 1239 637 1293 καὶ
666 1237 951 1309 ξυνήρων,
983 1245 1038 1292 εἴ
1056 1243 1114 1292 τί
1133 1256 1194 1291 σε
1220 1236 1458 1308 σφάλλοι
1481 1235 1718 1306 Κύπρις,

432 1324 525 1378 καὶ
548 1321 757 1394 μαστὸν
781 1319 887 1394 ἤδη
916 1321 1177 1386 πολλάκις
1200 1321 1423 1377 νόθοισι
1448 1335 1564 1386 σοῖς

433 1409 689 1479 ἐπέσχον,
716 1413 808 1463 ἵνα
832 1426 917 1464 σοι
943 1407 1117 1478 μηδὲν
1143 1410 1368 1477 ἐνδοίην
1394 1406 1610 1478 πικρόν.
1829 1420 1910 1463 225

432 1495 526 1548 καὶ
548 1498 720 1549 ταῦτα
754 1497 942 1564 δρῶσα
965 1489 1164 1564 τᾶρετῇ
1189 1491 1550 1563 προσηγόμην

431 1578 596 1634 πόσιν
613 1597 625 1608 ·
659 1577 729 1634 σὺ
754 1575 807 1634 δ’
837 1575 971 1634 οὐδὲ
995 1575 1178 1649 ῥανίδ’
1208 1574 1515 1649 ὑπαιθρίοις
1541 1577 1750 1649 δρόσου

431 1670 506 1738 τῷ
530 1669 609 1739 σῷ
635 1669 916 1734 προσίζειν
942 1660 1107 1734 ἀνδρὶ
1131 1668 1163 1718 δ
1169 1659 1475 1734 ειμαίνουσ’
1506 1665 1612 1736 ἐᾷς.

433 1748 506 1820 μὴ
531 1748 632 1820 τὴν
656 1755 930 1804 τεκοῦσαν
956 1755 1022 1821 τῇ
1053 1753 1385 1821 φιλανδρίᾳ,
1411 1748 1596 1819 γύναι,

433 1834 576 1904 ζήτει
601 1841 933 1904 παρελθεῖν·
961 1840 1074 1889 τῶν
1098 1840 1287 1888 κακῶν
1312 1831 1418 1904 γὰρ
1442 1834 1696 1904 μητέρων
1829 1847 1911 1890 230

433 1918 668 1990 φεύγειν
692 1919 934 1988 τρόπους
955 1917 1058 1990 χρὴ
1089 1917 1250 1988 τέκν’,
1277 1916 1425 1983 ὅσοις
1451 1924 1630 1974 ἔνεστι
1661 1923 1812 1983 νοῦς.

436 2001 697 2074 δέσποιν’,
722 2001 855 2059 ὅσον
877 2021 964 2059 σοι
990 2006 1195 2077 ῥᾳδίως
1219 2008 1593 2074 προσίσταται,

433 2089 665 2145 τοσόνδε
689 2095 896 2145 πείθου
922 2094 1053 2161 τῇδε
1085 2095 1364 2160 συμβῆναι
1391 2089 1589 2159 λόγοις.

430 2180 488 2228 τί
508 2182 878 2275 σεμνομυθεῐς
902 2179 1016 2239 κείς
1042 2171 1205 2245 ἀγῶν’
1235 2181 1380 2245 ἔρχει
1410 2174 1610 2275 λόγων,

435 2282 506 2324 ως
531 2258 599 2330 δὴ
627 2258 697 2315 σῦ
721 2260 983 2330 σώφρων,
1015 2257 1158 2331 τάμὰ
1183 2256 1236 2315 δ’
1266 2256 1389 2330 οῦχὶ
1416 2259 1715 2330 σώφρονας
1827 2272 1908 2315 235

439 2340 651 2400 ούκουν
675 2341 756 2416 ἐφ’
785 2340 866 2408 οἷς
889 2367 953 2415 γε
974 2350 1083 2399 νῦν
1106 2346 1452 2416 καθέστηκας
1476 2344 1676 2415 λόγοις.

435 2426 463 2484 ὅ
487 2435 623 2494 νοῦς
647 2426 675 2485 ὁ
701 2429 795 2494 σός
819 2452 911 2500 μοι
935 2433 1009 2501 μὴ
1035 2435 1345 2500 ξυνοικοίη,
1373 2430 1556 2501 γύναι.

436 2516 534 2569 νέα
559 2516 812 2586 πέφυκας
836 2516 929 2570 καὶ
952 2516 1129 2586 λέγεις
1159 2520 1403 2586 αι’σχρων
1427 2516 1568 2584 πέρι

440 2602 511 2655 σύ
538 2596 590 2655 δ’
620 2596 688 2654 οῦ
714 2601 891 2670 λέγεις
914 2623 1007 2671 γε,
1034 2604 1170 2673 δρᾷς
1193 2602 1259 2654 δέ
1277 2597 1325 2671 μ’
1355 2606 1432 2665 εἰς
1455 2617 1591 2655 οσον
1617 2602 1778 2672 δύνῃ.

435 2682 538 2740 οὐκ
563 2675 636 2740 αῦ
662 2690 843 2757 σιωπῇ
868 2685 1154 2755 Κύπριδος
1177 2681 1434 2755 ἀλγήσεις
1465 2685 1619 2757 πέρι;
1825 2697 1908 2739 240

429 2776 488 2824 τί
507 2767 582 2833 δ’;
610 2766 677 2824 οῦ
702 2772 922 2840 γυναιξὶ
944 2775 1115 2825 ταῦτα
1139 2775 1330 2840 πρῶτα
1353 2775 1662 2840 πανταχοῦ·
1649 2812 1663 2836 ,

256 2861 372 2909 AN.
429 2860 608 2919 καλῶς
632 2876 695 2925 γε
718 2856 1087 2926 χρωμέναισιν
1103 2872 1113 2882 ·
1144 2859 1194 2909 εἰ
1215 2854 1276 2909 δὲ
1299 2851 1374 2921 μή
1387 2898 1400 2919 ,
1428 2851 1494 2909 οῦ
1521 2853 1677 2909 καλά.
