2022 3126
79 215 178 264 ΕΡ.

82 300 196 348 ΑΝ.

73 385 178 432 ΕΡ.

71 469 194 517 AN.

70 553 175 601 ΕΡ.

68 638 192 686 ΑΝ.

71 722 173 770 ΕΡ.

70 807 192 855 AN.

66 891 172 939 ΕΡ.

71 1061 172 1108 ΕΡ.

71 1145 190 1194 AN.

65 1230 171 1278 ΕΡ.

64 1315 189 1363 AN.

70 1399 171 1447 ΕΡ.

66 1484 189 1532 ΑΝ.

64 1569 170 1617 ΕΡ.

65 1654 190 1702 ΑΝ.

65 1738 173 1787 ΕΡ.

69 2416 188 2465 AN.

671 72 766 118 ΑΝ
770 70 1069 118 ΔΡΟΜΑΧ
1072 72 1122 116 Η

269 206 334 264 οῦ
361 209 658 282 βαρβάρων
682 212 932 279 νόμοισιν
956 215 1218 280 οἰκοῦμεν
1242 210 1420 265 πόλιν.

267 291 430 350 κάκεῖ
448 294 514 350 τά
539 291 582 364 γ’
611 293 808 364 αἰσχρὰ
832 291 1071 349 κάνθάδ’
1102 293 1369 364 αἰσχύνην
1396 301 1520 366 ἔχει.

267 378 416 450 σοφὴ
440 376 586 448 σοφὴ
617 378 714 434 σύ·
753 387 1055 434 κατθανεῖν
1082 376 1133 434 δ’
1163 374 1309 447 ὅμως
1333 395 1393 433 σε
1421 383 1520 435 δεῖ.

268 459 399 536 ὁρᾷς
424 459 639 534 ἄγαλμα
669 464 894 528 Θέτιδος
919 470 996 528 εἷς
1020 460 1070 517 6'
1101 460 1447 533 ἆποβλέπονς

265 553 468 617 μισοῦν
494 570 556 618 γε
582 551 820 616 πατρίδα
845 546 952 618 σὴν
971 545 1254 618 Ἀχιλλέως
1279 547 1452 621 φόνῳ.

258 629 444 703 Ελένη
468 655 560 687 νιν
586 628 768 701 ω’λεσ’,
796 629 898 686 οὐκ
923 632 1058 703 ἐγώ,
1085 632 1259 703 μήτηρ
1287 632 1347 687 δε
1370 632 1454 703 σή.

260 717 293 785 ἡ
318 717 411 771 καὶ
436 717 622 788 πρόσω
650 715 753 788 γὰρ
779 723 890 771 τῶν
915 720 1062 787 ἐμῶν
1084 717 1318 781 ψαύσεις
1342 723 1558 785 κακῶνς

264 799 389 855 ι’δοῦ
415 807 603 856 σιωπῶ
628 799 994 871 κάπιλάζυμαι
1085 802 1206 872 όμα.

262 887 438 940 ἐκεῖνο
464 888 646 955 λέξον,
675 886 848 957 οῦπερ
883 876 1050 941 εἵνεκ’
1084 887 1329 956 ἐστάλην.

264 971 406 1040 λέγω
430 967 480 1025 σ’
510 968 616 1041 ἐγώ
642 976 783 1025 νοῦν
811 968 913 1025 οὐκ
941 976 1084 1041 ἔχειν
1110 968 1241 1026 ὅσον
1265 988 1325 1026 σε
1351 975 1450 1026 δεῖ.

261 1060 469 1119 λείψεις
492 1055 589 1111 τόδ
598 1052 612 1073 ’
639 1052 813 1126 ἁγνὸν
837 1057 1057 1126 τέμενος
1081 1059 1300 1120 ἐναλίας
1325 1062 1498 1122 θεοῦ;

262 1143 313 1195 εἰ
333 1140 435 1211 μὲν
464 1144 749 1209 θανοῦμαί
775 1138 826 1207 γ’
849 1154 857 1160 ’
893 1144 943 1193 εἰ
963 1139 1023 1193 δὲ
1049 1139 1148 1210 μή,
1178 1136 1246 1193 οὐ
1271 1144 1443 1203 λείψω
1471 1140 1614 1193 ποτέ.

260 1219 331 1287 ὡς
355 1219 498 1278 τοῦτ’
528 1221 725 1329 ἄραρε,
757 1220 862 1279 κού
886 1228 1034 1294 μενῶ
1060 1222 1223 1279 πόσιν
1251 1229 1458 1293 μολεῖν.

261 1305 372 1362 ἀλλ’
401 1304 526 1363 οὐδ’
553 1307 660 1380 ἐγώ
686 1306 795 1379 μὴν
820 1308 1071 1378 πρόσθεν
1096 1307 1317 1363 ἐκδώσω
1343 1309 1412 1378 μέ
1433 1324 1536 1362 σοι.

260 1397 371 1462 πῦρ
398 1410 484 1448 σοι
508 1399 785 1462 προσοίσω
812 1390 914 1448 κοῦ
939 1391 998 1448 τὸ
1023 1392 1123 1447 σὸν
1147 1394 1544 1462 προσκέψομαι,

260 1475 329 1532 σὺ
357 1473 412 1531 δ’
441 1478 545 1532 οὐν
568 1478 826 1532 κάταιθε·
854 1479 980 1532 θεοὶ
1004 1476 1107 1548 γὰρ
1136 1485 1374 1532 εἴσονται
1398 1476 1544 1531 τάδε.

254 1563 346 1617 καὶ
369 1563 535 1632 χρωτὶ
560 1567 762 1617 δεινων
786 1561 1115 1633 τραυμάτων
1144 1559 1468 1632 ἀλγηδόνας.

257 1644 441 1716 σφάξ’,
468 1644 701 1718 αἱμάτου
725 1652 860 1710 θεᾶς
886 1647 1103 1718 βωμόν,
1133 1643 1167 1717 ἣ
1192 1649 1403 1717 μέτεισί
1423 1663 1500 1701 σε.

261 1723 303 1786 ὦ
328 1731 612 1804 βάρβαρον
635 1729 706 1787 σὺ
731 1733 953 1802 θρέμμα
978 1733 1071 1786 καὶ
1089 1730 1331 1803 σκληρὸν
1359 1731 1587 1802 θράσος,

256 1819 600 1887 ἐγκαρτερεῖς
630 1815 697 1887 δὴ
722 1816 998 1882 θάνατον;
1026 1813 1137 1871 ἀλλ’
1172 1816 1277 1887 ἐγώ
1303 1813 1353 1870 6'
1382 1818 1545 1886 ἕδρας

255 1903 313 1955 ἐκ
338 1899 494 1972 τῆσδ’
523 1903 761 1957 ἑκοῦσαν
788 1901 1133 1971 ἐξαναστήσω
1158 1902 1317 1972 τάχα·

255 1982 464 2041 τοιόνδ’
493 1991 595 2057 ἔχω
621 2005 724 2041 σου
750 1988 963 2056 δέλεαρ.
1013 1983 1151 2041 ἀλλὰ
1176 1985 1282 2058 γὰρ
1311 1985 1513 2056 λόγους

253 2070 478 2141 κρύψω,
505 2068 564 2126 τὸ
595 2067 652 2126 δ’
681 2076 846 2142 ἔργον
871 2068 1006 2126 αὐτὸ
1032 2085 1270 2142 σημανεῖ
1288 2070 1438 2141 τάχα.

255 2153 460 2226 κάθησ’
491 2157 708 2226 ἑδραία
735 2157 827 2211 καὶ
854 2155 958 2227 γὰρ
984 2162 1034 2211 ει
1055 2158 1209 2227 πέριξ
1234 2153 1286 2212 6'
1319 2161 1426 2226 ἔχει

253 2239 443 2311 τηκτὸς
467 2239 770 2312 μόλυβδος,
797 2241 1141 2313 ἐξαναστήσω
1166 2238 1217 2296 σ’
1247 2239 1352 2312 ἐγώ

254 2327 432 2399 πρὶν
415 2348 454 2380 ω
486 2326 759 2390 πέποιθας
783 2323 937 2382 παῖδ’
959 2323 1244 2397 Ἀχιλλέως
1266 2333 1475 2428 μολεῖν.

259 2412 520 2466 πέποιθα.
561 2408 750 2466 δεινὸν
775 2407 828 2466 δ’
859 2413 1103 2481 ἑρπετων
1126 2434 1228 2482 μεν
1250 2409 1463 2482 ἀγρίων

258 2491 362 2566 ἄκη
390 2501 634 2566 βροτοῖσι
657 2501 812 2551 θεῶν
835 2501 1174 2567 καταστῆσαί
1190 2515 1340 2551 τινα·

261 2577 296 2631 ἃ
313 2575 367 2634 δ’
396 2578 497 2636 ἔστ’
526 2582 742 2652 ἐχίδνης
766 2583 858 2635 καὶ
882 2580 1056 2653 πυρὸς
1081 2583 1405 2652 περαιτέρω,

256 2660 439 2729 οὐδεὶς
464 2662 730 2736 γυναικὸς
754 2662 1000 2736 φάρμακ’
1029 2666 1292 2738 ἐξηύρηκέ
1313 2687 1396 2721 πω

255 2753 447 2819 κακῆς·
482 2750 750 2806 τοσοῦτόν
772 2753 934 2821 ἐσμεν
959 2747 1280 2821 ἀνθρώποις
1304 2772 1494 2805 κακον.

1662 68 1728 120 55

1646 396 1727 437 245

1645 818 1728 859 250

1644 1237 1725 1277 255

1642 1660 1724 1703 260

1643 2085 1723 2128 265

1639 2507 1723 2552 270
