2022 3126
238 83 341 136 374

237 574 357 623 ΘΗ.

236 1761 330 1810 ΑΙ.

233 2101 353 2149 ΘΗ.

233 2271 352 2319 ΘΗ.

232 2356 329 2404 ΑΙ.

232 2441 352 2490 ΘΗ.

231 2525 329 2574 ΑΙ.

232 2610 350 2659 ΘΗ.

233 2867 350 2913 ΑΔ.

909 87 1243 134 ΙΚΕΤΙΔΕΣ

427 232 487 284 τὸ
515 228 620 301 γὰρ
646 227 940 284 θανόντων
964 229 1175 282 τέκνων

430 313 697 369 ἐπίπονόν
719 336 770 367 τι
794 308 931 368 κατὰ
956 324 1224 383 γυναῖκας

428 403 504 462 εἰς
527 398 692 469 γόους
718 399 936 469 πέφυκε
959 397 1155 461 πάθος.
1215 397 1243 452 ἒ
1265 401 1316 451 ἔ·
1844 414 1900 457 85

426 489 680 538 θανοῦσα
704 480 873 537 τῶνδ’
903 479 1117 553 ἀλγέων
1141 486 1433 552 λαθοίμαν.

430 573 601 622 τίνων
629 564 793 635 γόους
823 566 1033 636 ἤκουσα
1063 568 1151 621 καὶ
1186 568 1426 635 στέρνων
1457 566 1667 623 κτύπον

427 658 645 721 νεκρῶν
670 674 727 707 τε
751 649 1000 723 θρήνους
1016 694 1029 720 ,
1055 648 1225 706 τῶνδ’
1253 646 1577 723 ἀνακτόρων
1603 647 1709 706 ἄπο

426 735 559 807 ἠχῆς
594 736 813 806 ιὀύσηςς
847 735 917 800 ῶς
962 735 1131 805 φόβος
1163 733 1221 806 μ’
1251 733 1554 806 ἀναπτεροῖ

426 821 498 892 μή
523 828 621 892 μοί
642 845 693 876 τι
717 821 919 892 μήτηρ,
947 817 1016 891 ἣν
1039 825 1369 891 μεταστείχω
1396 821 1527 876 ποδὶ
1843 835 1898 878 90

426 912 657 976 χρονίαν
681 903 935 961 ἀποῦσαν
961 909 1020 961 ἐκ
1045 906 1260 975 δόμων,
1287 910 1381 977 ἔχῃ
1404 907 1549 960 νέον.

427 997 512 1046 ἔα·

426 1082 483 1130 τί
501 1082 706 1147 χρῆμα;
733 1075 925 1140 καινὰς
953 1073 1205 1146 εἰσβολὰς
1229 1073 1340 1147 ὁρῶ
1369 1076 1532 1147 γόων,

425 1162 629 1232 μητέρα
655 1159 884 1231 γεραιὰν
909 1166 1125 1231 βωμίαν
1149 1162 1430 1232 ἐφημένην

425 1248 581 1311 ξένας
611 1247 671 1301 θ’
705 1246 843 1318 ὁμοῦ
889 1258 1185 1315 γυναῖκας,
1213 1243 1312 1316 οὐχ
1339 1248 1434 1301 ἕνα
1461 1244 1681 1317 ῥυθμὸν

425 1336 612 1386 κακῶν
637 1331 864 1401 ἐχούσας
881 1348 892 1358 ·
922 1335 981 1386 ἔκ
1007 1353 1064 1385 τε
1092 1329 1195 1402 γὰρ
1225 1336 1540 1401 γερασμίων
1840 1343 1895 1388 95

425 1412 606 1471 ὅσσων
631 1414 927 1471 ἐλαύνουσ’
957 1414 1178 1486 οἰκτρὸν
1206 1421 1282 1481 εἰς
1307 1428 1470 1486 γαῖαν
1495 1414 1688 1485 δάκρυ,

421 1502 620 1570 κουραὶ
647 1501 706 1556 δὲ
732 1502 822 1555 καὶ
847 1498 1163 1602 πεπλώματ’
1193 1499 1260 1556 οὐ
1285 1501 1547 1572 θεωρικά.

422 1592 478 1640 τί
500 1591 697 1656 ταῦτα,
725 1591 923 1657 μῆτερ·
910 1629 924 1653 ,
949 1585 1049 1642 σὸν
1073 1610 1132 1642 vc-
1159 1586 1394 1658 μηνύειν
1407 1589 1555 1690 ἐμοί,

424 1668 580 1742 ἡμῶν
604 1669 655 1727 δ
686 1668 937 1726 ἀκούειν·
965 1677 1256 1743 προσδοκῶ
1282 1695 1333 1727 τι
1357 1670 1461 1743 γὰρ
1486 1672 1631 1726 νέον.

422 1748 466 1810 ῶ
490 1767 615 1826 παῖ,
641 1769 901 1827 γυναῖκες
927 1761 1046 1812 αἵδε
1075 1759 1303 1829 μητέρες
1327 1759 1537 1813 τέκνων
1813 1770 1893 1811 100

425 1847 535 1896 τῶν
564 1841 961 1897 κατθανόντων
985 1839 1124 1914 ἀμφι
1152 1847 1433 1914 Καδμείας
1456 1841 1631 1906 πύλας

426 1925 558 1982 ἑπτὰ
581 1932 925 1998 στρατηγῶν·
955 1931 1178 1992 ἱκεσίοις
1204 1928 1265 1983 δὲ
1289 1927 1396 1983 σὺν
1420 1926 1642 1990 κλάδοις

423 2017 746 2082 φρουροῦσί
764 2009 844 2082 μ’,
877 2009 948 2076 ὡς
979 2015 1272 2082 δέδορκας,
1301 2015 1361 2068 ἐν
1384 2012 1602 2085 κύκλῳ,
1627 2012 1839 2067 τέκνον.

424 2102 505 2160 τίς
531 2093 642 2151 δ’ὁ
668 2096 943 2164 στενάζων
969 2095 1193 2167 οικτρόν
1219 2099 1278 2152 ἐν
1302 2096 1502 2161 πύλαις
1527 2093 1654 2155 ὕδει

404 2178 736 2250 ’Ἀδραστος,
765 2179 837 2246 ῶς
861 2183 1147 2252 λέγουσιν,
1168 2179 1433 2253 Ἀργείων
1461 2179 1610 2248 άναξ.
1810 2195 1890 2238 105

429 2271 484 2320 οἱ
507 2263 557 2320 δ’
587 2263 728 2337 ἀμφὶ
752 2266 913 2322 τόνδε
937 2271 1128 2332 παῖδες
1154 2268 1185 2338 ἠ
1211 2266 1408 2323 τούτου
1435 2268 1627 2334 τέκνα;

419 2348 521 2406 ούκ
537 2394 550 2421 ,
579 2348 716 2406 ἀλλὰ
741 2358 957 2422 νεκρῶν
981 2358 1092 2406 τῶν
1117 2350 1407 2408 ὀλωλότων
1429 2352 1600 2423 κόροι.

424 2442 479 2490 τί
498 2435 602 2507 γὰρ
630 2434 765 2506 πρὸς
788 2434 929 2508 ἡμᾶς
952 2430 1132 2508 ἦλθον
1158 2441 1336 2510 ἱκεσίᾳ
1360 2443 1506 2508 χερί;

420 2517 558 2575 οἷδ’·
589 2518 726 2576 ἀλλὰ
751 2527 927 2577 τῶνδε
951 2528 1132 2593 μῦθος
1158 2520 1497 2591 οὑντεῦθεν,
1523 2525 1734 2577 τέκνον.

420 2604 481 2660 σὲ
505 2603 603 2660 τὸν
628 2606 835 2678 κατήρη
861 2611 1161 2678 χλανιδίοις
1185 2606 1473 2675 ἀνιστορῶ.
1805 2618 1887 2661 110

420 2688 535 2760 λέγ’
564 2691 875 2756 ἐκκαλύψας
900 2697 1072 2762 κρᾶτα
1097 2694 1188 2747 καὶ
1215 2694 1406 2760 παρεὶς
1430 2691 1589 2762 γόον·

421 2779 590 2844 πέρας
615 2773 720 2846 γὰρ
748 2774 916 2832 ούδεν
939 2775 1012 2847 μὴ
1039 2775 1130 2831 διὰ
1156 2777 1404 2848 γλώσσης
1436 2780 1538 2832 ἰόν.

427 2861 468 2913 ῶ
495 2865 776 2915 καλλίνικε
805 2867 901 2931 γῆς
919 2858 1233 2930 Ἀθηναίων
1261 2858 1411 2929 αναξ,
