2022 3126
94 517 203 566 XO.

94 771 198 834 οΡ.

694 113 1151 162 ΑΝΔΡΟΜΑΧΗ
1668 105 1730 159 77

276 256 570 329 κλῄθροισι
597 257 686 307 καὶ
719 259 962 323 μοχλοῖσι
988 250 1255 322 δωμάτων
1280 249 1454 314 πύλας
1471 268 1482 278 ·

278 340 429 414 ὑγιὲς
452 339 556 411 γὰρ
581 335 748 393 οὐδὲν
772 340 834 390 αἱ
851 335 1113 405 θύραθεν
1140 338 1346 388 εἴσοδοι

275 425 500 498 [δρῶσιν
528 425 828 493 γυναικῶν,
846 417 983 474 ἀλλὰ
1006 417 1181 474 πολλὰ
1205 419 1296 472 καὶ
1320 416 1504 490 κακά].

278 508 418 582 ἄγαν
444 510 649 577 ἐφῆκας
676 511 931 576 γλῶσσαν
957 509 1030 568 εἰς
1055 502 1115 557 τὸ
1141 502 1452 572 σύμφυτον.

277 588 600 664 συγγνωστὰ
623 592 725 658 μέν
746 611 852 642 νυν
874 590 958 642 σοὶ
978 584 1121 657 τάδ’,
1148 583 1259 640 ἀλλ’
1288 582 1432 656 ὅμως
1456 583 1632 655 χρεῶν
1655 598 1736 641 955

276 689 501 746 κοσμεῖν
525 686 790 745 γυναῖκας
813 671 905 736 τὰς
932 677 1249 741 γυναικείας
1272 669 1486 733 νόσους.

275 760 453 832 σοφόν
476 783 526 813 τι
550 765 728 830 χρῆμα
753 763 852 813 τοῦ
884 756 1200 822 διδάξαντος
1223 751 1458 825 βροτοὺς

277 845 473 916 λόγους
498 841 725 899 ἀκούειν
748 847 858 898 τῶν
883 844 1150 896 ἐναντίων
1173 838 1336 909 πάρα.

279 929 384 1001 ε’γῶ
410 927 513 1000 γὰρ
541 925 700 991 εἰδὼς
722 929 898 981 τῶνδε
923 924 1191 995 σύγχυσιν
1217 923 1404 993 δόμων

281 1021 400 1085 ἔριν
420 1036 477 1068 τε
505 1011 605 1083 τὴν
628 1010 732 1082 σὴν
756 1011 849 1066 καὶ
873 1005 1419 1081 γυναικόςἝκτορος,
1657 1017 1741 1061 960

280 1095 530 1170 φυλακὰς
555 1102 693 1166 ἔχων
718 1101 973 1166 ἔμιμνον,
1002 1090 1099 1149 εἴτ’
1129 1090 1302 1148 αὐτοῦ
1327 1103 1508 1163 μενεῖς

281 1180 379 1239 εἴτ’
415 1177 772 1253 ἐκφοβηθεῖσ’
805 1179 1196 1249 αἰχμαλωτίδος
1221 1177 1379 1250 φόβῳ

276 1265 541 1340 γυναικὸς
570 1274 740 1321 οἴκων
764 1261 931 1319 τῶνδ’
961 1260 1309 1333 ἀπηλλάχθαι
1340 1262 1540 1323 θέλεις.

281 1345 462 1424 ἦλθον
487 1352 546 1406 δὲ
569 1348 668 1414 σὰς
691 1349 791 1420 μὲν
815 1346 882 1404 ού
908 1350 1088 1418 σέβων
1112 1344 1411 1413 ἐπιστολάς,

282 1443 332 1493 εἰ
353 1433 405 1492 δ’
440 1439 743 1505 ε’νδιδοίης,
770 1430 952 1502 ῶσπερ
979 1435 1235 1500 ἐνδίδως,
1262 1429 1445 1499 λόγον,
1660 1440 1741 1483 965

284 1523 514 1592 πέμψων
538 1518 592 1575 σ’
620 1515 714 1574 ἀπ’
745 1526 914 1573 οἴκων
938 1513 1125 1570 τῶνδ’.
1153 1517 1251 1586 ἐμὴ
1278 1512 1383 1584 γὰρ
1409 1503 1548 1567 οὖσα
1583 1512 1716 1582 πρὶν

280 1604 387 1661 σὺν
411 1608 550 1678 τῷδε
575 1608 747 1667 ναίεις
772 1599 934 1672 ἀνδρὶ
960 1606 1061 1655 σοῦ
1087 1597 1288 1671 πατρὸς
1315 1597 1473 1669 κάκῃ,

287 1687 346 1754 ὃς
371 1690 502 1759 πρὶν
526 1686 591 1743 τὰ
622 1692 818 1757 Τροίας
843 1691 1117 1757 εἰσβαλεῖν
1141 1681 1407 1755 ὁρίσματα

281 1770 503 1845 γυναῖκ’
531 1775 657 1842 ἐμοί
675 1789 735 1825 σε
764 1769 896 1834 δοὺς
919 1766 1185 1839 ὑπέσχεθ’
1215 1764 1450 1838 ὕστερον

282 1864 357 1933 τῷ
385 1863 495 1914 νῦν
518 1854 572 1911 σ’
605 1862 808 1927 ἔχοντι,
842 1851 1057 1929 Τρῳάδ’
1088 1858 1138 1908 εί
1159 1854 1348 1923 πέρσει
1372 1850 1551 1906 πόλιν.
1662 1860 1746 1905 970

282 1945 399 1999 ἐπεὶ
423 1939 475 1997 δ’
498 1939 783 2012 Ἀχιλλέως
811 1936 968 2011 δεῦρ’
997 1937 1290 2007 ἐνόστησεν
1315 1935 1494 2006 γόνος,

282 2034 361 2083 σῶ
386 2049 486 2098 μεν
512 2028 801 2097 συνέγνων
826 2029 1021 2095 πατρί,
1047 2020 1142 2078 τὸν
1168 2019 1220 2076 δ’
1250 2018 1544 2089 ἐλισσόμην

282 2113 490 2183 γάμους
519 2107 742 2182 ἀφεῖναι
768 2108 924 2178 σούς,
951 2106 1080 2178 ἐμας
1103 2108 1281 2177 λέγων
1305 2104 1469 2175 τύχας

283 2197 375 2251 καὶ
401 2195 498 2255 τὸν
525 2194 771 2267 παρόντα
795 2190 1036 2264 δαίμον’,
1067 2188 1138 2256 ῶς
1162 2196 1345 2261 φίλων
1368 2189 1468 2259 μὲν
1494 2210 1561 2241 αν

284 2277 509 2352 γήμαιμ’
539 2276 633 2335 ἀπ’
663 2275 915 2349 ἀνδρῶν,
943 2283 1175 2332 ἔκτοθεν
1201 2272 1254 2330 δ’
1284 2271 1351 2329 οὐ
1378 2276 1597 2345 ῥαδίως,
1668 2281 1748 2325 975

287 2365 514 2436 φεύγων
540 2361 635 2419 ἀπ’
665 2371 833 2418 οἴκων
859 2359 921 2428 ἃς
945 2360 1051 2433 ἐγῶ
1081 2359 1272 2431 φεύγω
1300 2356 1499 2430 φυγάς.
1742 2371 1747 2375 ’

286 2444 314 2505 3
343 2447 398 2504 δ’
426 2450 497 2519 ἡν
522 2446 787 2521 υβριστὴς
812 2455 887 2512 εἴς
911 2443 959 2501 τ’
990 2449 1119 2517 ἐμῆς
1143 2441 1346 2515 μητρὸς
1371 2441 1550 2514 φόνον

290 2533 383 2598 τάς
407 2531 468 2588 θ’
497 2530 847 2604 αἰματωπους
869 2529 1005 2595 θεας
1030 2528 1314 2595 ὀνειδίζων
1343 2530 1474 2598 ’μοί.

288 2615 436 2688 κᾶγῶ
461 2615 714 2682 ταπεινὸς
739 2613 818 2671 ῶν
840 2615 1027 2686 τύχαις
1051 2625 1167 2678 ταῖς
1189 2620 1417 2668 οἴκοθεν

288 2701 498 2773 ἤλγουν
525 2702 626 2771 μὲν
652 2699 891 2772 ἤλγουν,
918 2694 1209 2771 συμφορὰς
1233 2693 1286 2752 δ’
1315 2692 1629 2767 ἠνειχόμην,
1669 2703 1753 2746 980

289 2792 404 2842 σῶν
429 2787 490 2840 δὲ
513 2787 802 2858 στερηθεὶς
827 2782 1046 2860 ᾠχόμην
1070 2781 1222 2839 ἄκων
1247 2780 1454 2852 γάμων.

290 2876 398 2926 νῦν
421 2862 525 2925 οὗν
551 2868 738 2938 ἐπειδὴ
762 2880 1071 2940 περιπετεῖς
1095 2873 1231 2937 ἔχεις
1255 2865 1420 2934 τύχας
