2022 3126
257 71 360 123 282

257 1426 367 1478 XO.

249 1587 349 1637 AI.

253 1672 359 1721 ΟΡ.

249 1759 348 1808 ΔΙ.

253 1930 367 1979 ΧΟ.

248 2188 347 2237 ΔΙ.

249 2358 368 2406 ΗΛ.

247 2530 346 2578 ΔΙ.

251 2783 358 2832 ΟΡ.

920 76 1247 123 ΗΛΕΚΤΡΑ

446 217 654 289 μητέρα
679 216 742 272 δὲ
764 214 865 287 τὴν
889 215 995 288 σὴν
1018 214 1142 287 ἄρτι
1163 223 1470 273 Ναυπλίαν
1492 217 1688 289 παρὼν

446 308 762 371 Μενέλαος,
791 304 846 368 ἐξ
870 294 941 357 οὗ
974 300 1229 373 Τρωικὴν
1255 298 1366 358 εἷλε
1390 303 1588 374 χθόνα,

441 384 628 459 Ἑλενη
653 409 711 442 τε
735 387 934 452 θάψει·
961 389 1235 457 Πρωτέως
1259 387 1365 459 γὰρ
1391 392 1450 444 ἐκ
1476 387 1664 460 δόμων
1818 402 1926 446 1280

445 469 569 547 ἥκει
592 470 816 528 λιποῦσ’
845 481 1135 544 Αἴγυπτον
1161 470 1268 528 οὐδ
1275 469 1287 490 ’
1317 466 1496 545 ἦλθεν
1521 473 1765 545 Φρύγας.

444 561 588 623 Ζεύς
617 555 690 627 δ’,
718 554 791 621 ὡς
817 562 931 628 ε”ρις
954 559 1170 629 γένοιτο
1195 559 1289 613 καὶ
1313 558 1488 630 φόνος
1511 564 1744 632 βροτῶν,

449 647 683 698 εἴδωλον
704 640 922 714 Ἑλένης
947 640 1208 714 ἐξέπεμψ’
1248 644 1300 706 ἐς
1327 641 1517 700 Ἴλιον.

444 732 712 799 Πυλαδης
734 728 837 800 μὲν
862 720 967 783 οὗν
992 728 1166 800 κόρην
1189 752 1247 785 τε
1272 730 1365 784 καὶ
1389 729 1622 803 δάμαρτ’
1650 736 1788 802 ἔχων

439 810 709 884 Ἀχαιίδος
733 819 833 885 γῆς
857 811 1036 870 οἴκαδ’
1069 816 1433 887 εἰσπορευέτω
1823 830 1926 873 1285

445 900 538 955 καὶ
561 897 660 954 τὸν
684 898 832 974 λόγῳ
858 898 959 955 σὸν
986 898 1270 971 πενθερὸν
1296 903 1557 971 κομιζέτω

446 989 691 1040 Φωκέων
717 987 770 1050 ἐς
796 983 924 1039 αἶαν
953 986 1045 1040 καὶ
1072 985 1215 1040 δότω
1243 986 1489 1041 πλούτου
1515 986 1709 1059 βάρος·

441 1068 513 1126 σὺ
541 1067 592 1126 δ’
621 1067 867 1140 Ἰσθμίας
891 1075 990 1141 γῆς
1014 1067 1205 1141 αὐχέν’
1236 1073 1518 1142 ἐμβαίνων
1542 1076 1675 1128 ποδι

440 1155 607 1226 χώρει
630 1153 767 1227 πρὸς
792 1154 947 1210 οἶκον
970 1162 1285 1227 Κεκροπίας
1315 1154 1635 1229 εὐδαίμονα.

441 1242 811 1311 πεπρωμένην
836 1239 941 1311 γὰρ
968 1254 1168 1311 μοῖραν
1196 1243 1466 1314 ἐκπλήσας
1493 1242 1674 1314 φόνου
1818 1260 1926 1301 1290

445 1325 868 1397 εὐδαιμονήσεις
902 1324 1070 1382 τῶνδ’
1102 1324 1475 1398 ἀπαλλαχθεὶς
1499 1327 1706 1387 πόνων.

439 1404 482 1466 ὦ
508 1415 672 1466 παῖδε
695 1411 860 1481 Διός,
890 1413 1052 1482 θέμις
1079 1417 1155 1477 εἰς
1181 1412 1441 1484 φθογγὰς

442 1495 537 1562 τὰς
563 1494 829 1570 ὑμετέρας
853 1493 985 1568 ἡμῖν
1009 1497 1310 1566 πελάθειν;

439 1585 630 1654 θέμις,
658 1580 726 1638 οὐ
752 1596 1020 1654 μυσαροῖς
1043 1588 1226 1639 τοῖσδε
1250 1590 1525 1656 σφαγίοις.

442 1666 607 1739 κάμοὶ
631 1668 824 1740 μύθου
848 1670 1007 1740 μέτα,
1042 1676 1091 1724 Τ
1086 1673 1415 1741 υνδαρίδαι;
1818 1682 1924 1727 129⁵

439 1755 531 1809 καὶ
556 1760 669 1810 σοί·
697 1760 889 1829 Φοίβῳ
914 1752 1071 1826 τήνδ’
1100 1752 1367 1828 ἀναθήσω

441 1844 641 1910 πρᾶξιν
672 1846 896 1912 φονίαν,

437 1932 552 1990 πῶς
577 1922 703 1981 ὅντε
729 1924 846 1981 θεώ
874 1927 1044 1996 τῆσδέ
1066 1923 1113 1980 τ’
1148 1923 1373 1997 ἀδελφώ

438 2016 532 2082 τῆς
557 2012 979 2083 καταφθιμένης

439 2118 543 2151 ουκ
568 2093 874 2168 ἠρκέσατον
896 2101 1068 2167 κῆρας
1090 2096 1424 2168 μελάθροις;
1814 2109 1923 2154 1300

437 2194 640 2252 μοῖραν
669 2179 911 2253 ἀνάγκης
936 2181 1073 2252 ἠγεν
1100 2180 1160 2236 τὸ
1186 2181 1383 2252 χρεων,

442 2273 656 2337 Φοίβου
683 2264 730 2322 τ’
765 2265 968 2338 άσοφοι
994 2266 1245 2337 γλωσσης
1271 2269 1481 2323 ἐνοπαι.

438 2358 520 2417 τίς
546 2350 601 2408 δ’
630 2350 715 2425 ἔμ’
740 2349 1051 2422 Ἁπόλλων,
1077 2365 1226 2408 ποῖοι
1249 2353 1484 2424 χρησμοὶ

439 2444 646 2509 φονίαν
671 2443 870 2494 ἔδοσαν
896 2439 1060 2510 μητρὶ
1083 2440 1378 2509 γενέσθαις

437 2525 622 2579 κοιναὶ
647 2524 897 2595 πράξεις,
923 2524 1101 2579 κοινοὶ
1127 2527 1159 2578 δ
1165 2523 1189 2578 ὲ
1213 2522 1429 2595 πότμοι.
1808 2534 1916 2579 1305

437 2614 534 2679 μία
562 2605 661 2664 δ’
634 2611 983 2682 αμφοτέρους

438 2690 539 2765 άτη
564 2697 819 2765 πατέρων
843 2695 1174 2750 διέκναισεν

437 2801 479 2833 ω
505 2778 717 2851 σύγγον
721 2783 750 2835 έ
769 2802 889 2850 μοι,
916 2784 1146 2852 χρονίαν
1171 2796 1204 2834 σ
1253 2772 1455 2834 εσιὸων
