<?xml version="1.0" encoding="UTF-8"?>
<!DOCTYPE html PUBLIC "-//W3C//DTD XHTML 1.0 Transitional//EN"
    "http://www.w3.org/TR/xhtml1/DTD/xhtml1-transitional.dtd">
<html xmlns="http://www.w3.org/1999/xhtml" xml:lang="en" lang="en">
 <head>
  <title>
</title>
<meta http-equiv="Content-Type" content="text/html;charset=utf-8" />
  <meta name='ocr-system' content='tesseract 3.04.00' />
  <meta name='ocr-capabilities' content='ocr_page ocr_carea ocr_par ocr_line ocrx_word'/>
</head>
<body>
  <div class='ocr_page' id='page_1' title='image "./euripidistragoe01euriuoft_0465.png"; bbox 0 0 2022 3126; ppageno 0'>
   <div class='ocr_carea' id='block_1_1' title="bbox 143 1173 259 1222">
    <p class='ocr_par' dir='ltr' id='par_1_1' title="bbox 143 1173 259 1222">
     <span class='ocr_line' id='line_1_1' title="bbox 143 1173 259 1222; baseline -0.009 0"><span class='ocrx_word' id='word_1_1' title='bbox 143 1173 259 1222; x_wconf 84' lang='grc' dir='ltr'><strong><em>ΘΗ.</em></strong></span> 
     </span>
    </p>
   </div>
   <div class='ocr_carea' id='block_1_2' title="bbox 540 101 1800 158">
    <p class='ocr_par' dir='ltr' id='par_1_2' title="bbox 540 101 1800 158">
     <span class='ocr_line' id='line_1_2' title="bbox 540 101 1800 158; baseline 0.01 -13"><span class='ocrx_word' id='word_1_2' title='bbox 540 101 882 147; x_wconf 84' lang='grc' dir='ltr'><em>ΗΡΑΚΛΗΣ</em></span> <span class='ocrx_word' id='word_1_3' title='bbox 911 103 1418 152; x_wconf 87' lang='grc' dir='ltr'><em>ΜΑΙΝΟΜΕΝΟΣ</em></span> <span class='ocrx_word' id='word_1_4' title='bbox 1700 107 1800 158; x_wconf 84' lang='grc'><strong><em>365</em></strong></span> 
     </span>
    </p>
   </div>
   <div class='ocr_carea' id='block_1_3' title="bbox 323 235 1801 1835">
    <p class='ocr_par' dir='ltr' id='par_1_3' title="bbox 335 235 1801 399">
     <span class='ocr_line' id='line_1_3' title="bbox 338 235 1801 315; baseline 0.003 -20"><span class='ocrx_word' id='word_1_5' title='bbox 338 241 399 295; x_wconf 80' lang='grc' dir='ltr'><strong><em>ἐν</em></strong></span> <span class='ocrx_word' id='word_1_6' title='bbox 423 236 567 295; x_wconf 84' lang='grc' dir='ltr'><strong><em>οἷσιν</em></strong></span> <span class='ocrx_word' id='word_1_7' title='bbox 592 238 953 311; x_wconf 78' lang='grc' dir='ltr'><strong><em>εὐτυχοῦντες</em></strong></span> <span class='ocrx_word' id='word_1_8' title='bbox 976 235 1115 313; x_wconf 79' lang='grc' dir='ltr'><strong><em>ἦμεν</em></strong></span> <span class='ocrx_word' id='word_1_9' title='bbox 1139 241 1331 315; x_wconf 76' lang='grc' dir='ltr'><strong><em>ὄλβιοι.</em></strong></span> <span class='ocrx_word' id='word_1_10' title='bbox 1692 264 1801 307; x_wconf 85' lang='lat'>1300</span> 
     </span>
     <span class='ocr_line' id='line_1_4' title="bbox 335 325 1410 399; baseline 0.006 -21"><span class='ocrx_word' id='word_1_11' title='bbox 335 330 393 379; x_wconf 89' lang='grc' dir='ltr'><strong><em>τί</em></strong></span> <span class='ocrx_word' id='word_1_12' title='bbox 411 325 547 395; x_wconf 79' lang='grc' dir='ltr'><strong><em>δῆτα</em></strong></span> <span class='ocrx_word' id='word_1_13' title='bbox 568 347 635 396; x_wconf 88' lang='grc' dir='ltr'><strong><em>με</em></strong></span> <span class='ocrx_word' id='word_1_14' title='bbox 661 331 761 395; x_wconf 82' lang='grc' dir='ltr'><strong><em>ζῆν</em></strong></span> <span class='ocrx_word' id='word_1_15' title='bbox 787 331 900 392; x_wconf 82' lang='grc' dir='ltr'><strong><em>δεϊ;</em></strong></span> <span class='ocrx_word' id='word_1_16' title='bbox 925 333 982 381; x_wconf 89' lang='grc' dir='ltr'><strong><em>τί</em></strong></span> <span class='ocrx_word' id='word_1_17' title='bbox 1000 330 1193 398; x_wconf 88' lang='grc' dir='ltr'><strong><em>κέρδος</em></strong></span> <span class='ocrx_word' id='word_1_18' title='bbox 1219 331 1410 399; x_wconf 79' lang='grc' dir='ltr'><strong><em>ἕξομεν</em></strong></span> 
     </span>
    </p>

    <p class='ocr_par' dir='ltr' id='par_1_4' title="bbox 328 407 1429 483">
     <span class='ocr_line' id='line_1_5' title="bbox 328 407 1429 483; baseline 0.008 -20"><span class='ocrx_word' id='word_1_19' title='bbox 328 415 513 483; x_wconf 81' lang='grc' dir='ltr'><strong><em>βίοτον</em></strong></span> <span class='ocrx_word' id='word_1_20' title='bbox 542 407 762 482; x_wconf 69' lang='grc' dir='ltr'><strong><em>ἀχρεῖον</em></strong></span> <span class='ocrx_word' id='word_1_21' title='bbox 792 410 1015 467; x_wconf 71' lang='grc' dir='ltr'><strong><em>ἀνόσιόν</em></strong></span> <span class='ocrx_word' id='word_1_22' title='bbox 1043 412 1090 466; x_wconf 80' lang='grc' dir='ltr'><strong><em>τ’</em></strong></span> <span class='ocrx_word' id='word_1_23' title='bbox 1127 415 1429 483; x_wconf 70' lang='grc' dir='ltr'><strong><em>ἐκτημένοις</em></strong></span> 
     </span>
    </p>

    <p class='ocr_par' dir='ltr' id='par_1_5' title="bbox 333 490 1374 568">
     <span class='ocr_line' id='line_1_6' title="bbox 333 490 1374 568; baseline 0.006 -22"><span class='ocrx_word' id='word_1_24' title='bbox 333 493 603 562; x_wconf 77' lang='grc' dir='ltr'><strong><em>χορευέτω</em></strong></span> <span class='ocrx_word' id='word_1_25' title='bbox 630 491 696 564; x_wconf 83' lang='grc' dir='ltr'><strong><em>δὴ</em></strong></span> <span class='ocrx_word' id='word_1_26' title='bbox 723 492 901 564; x_wconf 86' lang='grc' dir='ltr'><strong><em>Ζηνὸς</em></strong></span> <span class='ocrx_word' id='word_1_27' title='bbox 923 490 956 565; x_wconf 81' lang='grc' dir='ltr'>ἡ</span> <span class='ocrx_word' id='word_1_28' title='bbox 981 494 1169 566; x_wconf 85' lang='grc' dir='ltr'><strong><em>κλεινὴ</em></strong></span> <span class='ocrx_word' id='word_1_29' title='bbox 1196 497 1374 568; x_wconf 78' lang='grc' dir='ltr'><strong><em>δάμαρ</em></strong></span> 
     </span>
    </p>

    <p class='ocr_par' dir='ltr' id='par_1_6' title="bbox 332 574 1517 653">
     <span class='ocr_line' id='line_1_7' title="bbox 332 574 1517 653; baseline 0.005 -22"><span class='ocrx_word' id='word_1_30' title='bbox 332 574 596 647; x_wconf 80' lang='grc' dir='ltr'><strong><em>κρούουσ’</em></strong></span> <span class='ocrx_word' id='word_1_31' title='bbox 621 574 901 648; x_wconf 79' lang='grc' dir='ltr'><strong><em>Ὀλύμπου</em></strong></span> <span class='ocrx_word' id='word_1_32' title='bbox 930 584 1053 634; x_wconf 84' lang='grc' dir='ltr'><strong><em>δῖον</em></strong></span> <span class='ocrx_word' id='word_1_33' title='bbox 1079 576 1293 653; x_wconf 75' lang='grc' dir='ltr'><strong><em>ἀρβύλῃ</em></strong></span> <span class='ocrx_word' id='word_1_34' title='bbox 1320 584 1490 637; x_wconf 89' lang='grc' dir='ltr'><strong><em>πέδον</em></strong></span> <span class='ocrx_word' id='word_1_35' title='bbox 1507 601 1517 611; x_wconf 92' lang='grc'><em>·</em></span> 
     </span>
    </p>

    <p class='ocr_par' dir='ltr' id='par_1_7' title="bbox 329 660 1795 908">
     <span class='ocr_line' id='line_1_8' title="bbox 335 660 1795 736; baseline 0.008 -21"><span class='ocrx_word' id='word_1_36' title='bbox 335 665 530 729; x_wconf 80' lang='grc' dir='ltr'><strong><em>ἔπραξε</em></strong></span> <span class='ocrx_word' id='word_1_37' title='bbox 553 660 658 731; x_wconf 79' lang='grc' dir='ltr'><strong><em>γὰρ</em></strong></span> <span class='ocrx_word' id='word_1_38' title='bbox 683 662 953 733; x_wconf 88' lang='grc' dir='ltr'><strong><em>βούλησιν</em></strong></span> <span class='ocrx_word' id='word_1_39' title='bbox 976 660 1046 734; x_wconf 78' lang='grc' dir='ltr'><strong><em>ἢν</em></strong></span> <span class='ocrx_word' id='word_1_40' title='bbox 1073 665 1329 734; x_wconf 85' lang='grc' dir='ltr'><strong><em>ἐβούλετο</em></strong></span> <span class='ocrx_word' id='word_1_41' title='bbox 1345 709 1359 736; x_wconf 87' lang='grc'><strong><em>,</em></strong></span> <span class='ocrx_word' id='word_1_42' title='bbox 1688 683 1795 726; x_wconf 82' lang='grc'><strong>1305</strong></span> 
     </span>
     <span class='ocr_line' id='line_1_9' title="bbox 333 743 1660 822; baseline 0.006 -22"><span class='ocrx_word' id='word_1_43' title='bbox 333 744 491 815; x_wconf 69' lang='grc' dir='ltr'><strong><em>ἄνδρ’</em></strong></span> <span class='ocrx_word' id='word_1_44' title='bbox 515 743 767 811; x_wconf 76' lang='grc' dir='ltr'><strong><em>Ἑλλάδος</em></strong></span> <span class='ocrx_word' id='word_1_45' title='bbox 788 746 886 803; x_wconf 87' lang='grc' dir='ltr'><strong><em>τὸν</em></strong></span> <span class='ocrx_word' id='word_1_46' title='bbox 910 754 1131 818; x_wconf 91' lang='grc' dir='ltr'><strong><em>πρῶτον</em></strong></span> <span class='ocrx_word' id='word_1_47' title='bbox 1155 747 1404 805; x_wconf 78' lang='grc' dir='ltr'><strong><em>αὐτοῖσιν</em></strong></span> <span class='ocrx_word' id='word_1_48' title='bbox 1427 751 1660 822; x_wconf 82' lang='grc' dir='ltr'><strong><em>βάθροις</em></strong></span> 
     </span>
     <span class='ocr_line' id='line_1_10' title="bbox 329 828 1342 908; baseline 0.005 -24"><span class='ocrx_word' id='word_1_49' title='bbox 329 828 442 885; x_wconf 72' lang='grc' dir='ltr'><strong><em>ἅνω</em></strong></span> <span class='ocrx_word' id='word_1_50' title='bbox 468 831 612 886; x_wconf 80' lang='grc' dir='ltr'><strong><em>κάτω</em></strong></span> <span class='ocrx_word' id='word_1_51' title='bbox 638 833 930 902; x_wconf 81' lang='grc' dir='ltr'><em>στρέψασα.</em></span> <span class='ocrx_word' id='word_1_52' title='bbox 978 833 1203 905; x_wconf 82' lang='grc' dir='ltr'><strong><em>τοιαύτῃ</em></strong></span> <span class='ocrx_word' id='word_1_53' title='bbox 1227 841 1342 908; x_wconf 78' lang='grc' dir='ltr'><strong><em>θεῷ</em></strong></span> 
     </span>
    </p>

    <p class='ocr_par' dir='ltr' id='par_1_8' title="bbox 330 911 1476 988">
     <span class='ocr_line' id='line_1_11' title="bbox 330 911 1476 988; baseline 0.003 -19"><span class='ocrx_word' id='word_1_54' title='bbox 330 921 410 979; x_wconf 87' lang='grc' dir='ltr'><strong><em>τίς</em></strong></span> <span class='ocrx_word' id='word_1_55' title='bbox 438 911 507 969; x_wconf 72' lang='grc' dir='ltr'><strong><em>ἂν</em></strong></span> <span class='ocrx_word' id='word_1_56' title='bbox 532 914 918 986; x_wconf 82' lang='grc' dir='ltr'><strong><em>προσεύχοιθ’;</em></strong></span> <span class='ocrx_word' id='word_1_57' title='bbox 943 914 978 987; x_wconf 78' lang='grc' dir='ltr'><em>ἣ</em></span> <span class='ocrx_word' id='word_1_58' title='bbox 1005 916 1268 988; x_wconf 76' lang='grc' dir='ltr'><strong><em>γυναικὸς</em></strong></span> <span class='ocrx_word' id='word_1_59' title='bbox 1297 923 1476 973; x_wconf 81' lang='grc' dir='ltr'><strong><em>εἵνεκα</em></strong></span> 
     </span>
    </p>

    <p class='ocr_par' dir='ltr' id='par_1_9' title="bbox 328 1000 1793 1243">
     <span class='ocr_line' id='line_1_12' title="bbox 329 1000 1524 1073; baseline 0.005 -20"><span class='ocrx_word' id='word_1_60' title='bbox 329 1001 574 1070; x_wconf 82' lang='grc' dir='ltr'><strong><em>λέκτρων</em></strong></span> <span class='ocrx_word' id='word_1_61' title='bbox 601 1006 896 1069; x_wconf 81' lang='grc' dir='ltr'><strong><em>φθονοῦσα</em></strong></span> <span class='ocrx_word' id='word_1_62' title='bbox 920 1004 1058 1072; x_wconf 82' lang='grc' dir='ltr'><strong><em>Ζηνὶ</em></strong></span> <span class='ocrx_word' id='word_1_63' title='bbox 1081 1000 1210 1067; x_wconf 80' lang='grc' dir='ltr'><strong><em>τοὺς</em></strong></span> <span class='ocrx_word' id='word_1_64' title='bbox 1237 1000 1524 1073; x_wconf 73' lang='grc' dir='ltr'><strong><em>εὐεργέτας</em></strong></span> 
     </span>
     <span class='ocr_line' id='line_1_13' title="bbox 323 1081 1793 1152; baseline 0.005 -15.049"><span class='ocrx_word' id='word_1_65' title='bbox 323 1081 575 1148; x_wconf 89' lang='grc' dir='ltr'><strong><em>Ελλαδος</em></strong></span> <span class='ocrx_word' id='word_1_66' title='bbox 601 1082 841 1140; x_wconf 80' lang='grc' dir='ltr'><strong><em>απώλεσ’</em></strong></span> <span class='ocrx_word' id='word_1_67' title='bbox 870 1083 1082 1141; x_wconf 71' lang='grc' dir='ltr'><strong><em>οῦδεν’</em></strong></span> <span class='ocrx_word' id='word_1_68' title='bbox 1062 1085 1225 1151; x_wconf 78' lang='grc' dir='ltr'><strong><em>ὄντας</em></strong></span> <span class='ocrx_word' id='word_1_69' title='bbox 1250 1093 1473 1152; x_wconf 81' lang='grc' dir='ltr'><strong><em>αι’τι’.ους</em></strong></span> <span class='ocrx_word' id='word_1_70' title='bbox 1684 1105 1793 1147; x_wconf 86' lang='lat'>1310</span> 
     </span>
     <span class='ocr_line' id='line_1_14' title="bbox 328 1165 1408 1243; baseline 0.005 -21"><span class='ocrx_word' id='word_1_71' title='bbox 328 1166 431 1222; x_wconf 79' lang='grc' dir='ltr'><strong><em>οὐκ</em></strong></span> <span class='ocrx_word' id='word_1_72' title='bbox 457 1174 604 1223; x_wconf 74' lang='grc' dir='ltr'><strong><em>ἔστιν</em></strong></span> <span class='ocrx_word' id='word_1_73' title='bbox 630 1165 802 1225; x_wconf 90' lang='grc' dir='ltr'><strong><em>αλλου</em></strong></span> <span class='ocrx_word' id='word_1_74' title='bbox 828 1171 1109 1241; x_wconf 77' lang='grc' dir='ltr'><strong><em>δαιμόνων</em></strong></span> <span class='ocrx_word' id='word_1_75' title='bbox 1134 1169 1288 1243; x_wconf 77' lang='grc' dir='ltr'><strong><em>αγῶν</em></strong></span> <span class='ocrx_word' id='word_1_76' title='bbox 1312 1169 1408 1227; x_wconf 76' lang='grc' dir='ltr'><strong><em>ὅδε</em></strong></span> 
     </span>
    </p>

    <p class='ocr_par' dir='ltr' id='par_1_10' title="bbox 329 1249 1600 1496">
     <span class='ocr_line' id='line_1_15' title="bbox 329 1249 1510 1325; baseline 0.004 -18"><span class='ocrx_word' id='word_1_77' title='bbox 329 1249 363 1323; x_wconf 78' lang='grc' dir='ltr'><strong><em>ἢ</em></strong></span> <span class='ocrx_word' id='word_1_78' title='bbox 387 1258 480 1324; x_wconf 90' lang='grc' dir='ltr'><strong><em>τῆς</em></strong></span> <span class='ocrx_word' id='word_1_79' title='bbox 503 1252 640 1319; x_wconf 84' lang='grc' dir='ltr'><strong><em>Διὸς</em></strong></span> <span class='ocrx_word' id='word_1_80' title='bbox 664 1254 960 1325; x_wconf 80' lang='grc' dir='ltr'><strong><em>δάμαρτος·</em></strong></span> <span class='ocrx_word' id='word_1_81' title='bbox 1008 1257 1071 1311; x_wconf 83' lang='grc' dir='ltr'><strong><em>εὐ</em></strong></span> <span class='ocrx_word' id='word_1_82' title='bbox 1097 1253 1214 1311; x_wconf 79' lang='grc' dir='ltr'><strong><em>τόδ’</em></strong></span> <span class='ocrx_word' id='word_1_83' title='bbox 1238 1257 1510 1313; x_wconf 85' lang='grc' dir='ltr'><strong><em>αἰσθανει.</em></strong></span> 
     </span>
     <span class='ocr_line' id='line_1_16' title="bbox 329 1337 1600 1411; baseline 0.009 -25"><span class='ocrx_word' id='word_1_84' title='bbox 329 1339 715 1408; x_wconf 81' lang='grc' dir='ltr'><strong><em>παραινέσαιμ’</em></strong></span> <span class='ocrx_word' id='word_1_85' title='bbox 755 1363 824 1394; x_wconf 89' lang='grc' dir='ltr'><strong><em>αν</em></strong></span> <span class='ocrx_word' id='word_1_86' title='bbox 857 1346 1066 1411; x_wconf 85' lang='grc' dir='ltr'><strong><em>μᾶλλον</em></strong></span> <span class='ocrx_word' id='word_1_87' title='bbox 1097 1337 1130 1411; x_wconf 82' lang='grc' dir='ltr'><em>ἢ</em></span> <span class='ocrx_word' id='word_1_88' title='bbox 1154 1359 1381 1411; x_wconf 86' lang='grc' dir='ltr'><strong><em>πασχειν</em></strong></span> <span class='ocrx_word' id='word_1_89' title='bbox 1406 1348 1600 1408; x_wconf 89' lang='grc' dir='ltr'><strong><em>κακῶς.</em></strong></span> 
     </span>
     <span class='ocr_line' id='line_1_17' title="bbox 329 1419 1519 1496; baseline 0.004 -20"><span class='ocrx_word' id='word_1_90' title='bbox 329 1419 512 1487; x_wconf 79' lang='grc' dir='ltr'><strong><em>οὐδεὶς</em></strong></span> <span class='ocrx_word' id='word_1_91' title='bbox 537 1423 596 1478; x_wconf 74' lang='grc' dir='ltr'><strong><em>δὲ</em></strong></span> <span class='ocrx_word' id='word_1_92' title='bbox 621 1430 847 1494; x_wconf 89' lang='grc' dir='ltr'><strong><em>θνητῶν</em></strong></span> <span class='ocrx_word' id='word_1_93' title='bbox 870 1438 986 1489; x_wconf 79' lang='grc' dir='ltr'><strong><em>ταῖς</em></strong></span> <span class='ocrx_word' id='word_1_94' title='bbox 1010 1425 1197 1496; x_wconf 86' lang='grc' dir='ltr'><strong><em>τύχαις</em></strong></span> <span class='ocrx_word' id='word_1_95' title='bbox 1223 1423 1519 1496; x_wconf 75' lang='grc' dir='ltr'><strong><em>ἀκήρατος,</em></strong></span> 
     </span>
    </p>

    <p class='ocr_par' dir='ltr' id='par_1_11' title="bbox 325 1505 1791 1750">
     <span class='ocr_line' id='line_1_18' title="bbox 331 1505 1791 1581; baseline 0.006 -20"><span class='ocrx_word' id='word_1_96' title='bbox 331 1505 398 1561; x_wconf 80' lang='grc' dir='ltr'><strong><em>οὐ</em></strong></span> <span class='ocrx_word' id='word_1_97' title='bbox 423 1513 602 1577; x_wconf 88' lang='grc' dir='ltr'><strong><em>θεῶν,</em></strong></span> <span class='ocrx_word' id='word_1_98' title='bbox 629 1505 837 1564; x_wconf 77' lang='grc' dir='ltr'><strong><em>ἀοιδῶν</em></strong></span> <span class='ocrx_word' id='word_1_99' title='bbox 862 1517 1013 1579; x_wconf 77' lang='grc' dir='ltr'><strong><em>εἴπερ</em></strong></span> <span class='ocrx_word' id='word_1_100' title='bbox 1039 1508 1106 1565; x_wconf 82' lang='grc' dir='ltr'><strong><em>οὐ</em></strong></span> <span class='ocrx_word' id='word_1_101' title='bbox 1130 1515 1356 1575; x_wconf 78' lang='grc' dir='ltr'><strong><em>ψευδεῖς</em></strong></span> <span class='ocrx_word' id='word_1_102' title='bbox 1379 1511 1550 1581; x_wconf 79' lang='grc' dir='ltr'><strong><em>λόγοι.</em></strong></span> <span class='ocrx_word' id='word_1_103' title='bbox 1684 1527 1791 1570; x_wconf 81' lang='lat'>1315</span> 
     </span>
     <span class='ocr_line' id='line_1_19' title="bbox 330 1587 1586 1668; baseline 0.004 -22"><span class='ocrx_word' id='word_1_104' title='bbox 330 1589 396 1646; x_wconf 80' lang='grc' dir='ltr'><strong><em>οὐ</em></strong></span> <span class='ocrx_word' id='word_1_105' title='bbox 423 1595 618 1663; x_wconf 83' lang='grc' dir='ltr'><strong><em>λέκτρα</em></strong></span> <span class='ocrx_word' id='word_1_106' title='bbox 644 1591 691 1647; x_wconf 76' lang='grc' dir='ltr'><strong><em>τ’</em></strong></span> <span class='ocrx_word' id='word_1_107' title='bbox 721 1591 1066 1665; x_wconf 74' lang='grc' dir='ltr'><strong><em>ἀλλήλοισιν,</em></strong></span> <span class='ocrx_word' id='word_1_108' title='bbox 1093 1587 1172 1649; x_wconf 85' lang='grc' dir='ltr'><strong><em>ῶν</em></strong></span> <span class='ocrx_word' id='word_1_109' title='bbox 1197 1592 1381 1659; x_wconf 77' lang='grc' dir='ltr'><strong><em>οὐδεὶς</em></strong></span> <span class='ocrx_word' id='word_1_110' title='bbox 1403 1596 1586 1668; x_wconf 89' lang='grc' dir='ltr'><strong><em>νόμος,</em></strong></span> 
     </span>
     <span class='ocr_line' id='line_1_20' title="bbox 325 1675 1453 1750; baseline 0.004 -19"><span class='ocrx_word' id='word_1_111' title='bbox 325 1682 612 1747; x_wconf 78' lang='grc' dir='ltr'><strong><em>συνῆφαν;</em></strong></span> <span class='ocrx_word' id='word_1_112' title='bbox 638 1675 704 1732; x_wconf 78' lang='grc' dir='ltr'><strong><em>οὐ</em></strong></span> <span class='ocrx_word' id='word_1_113' title='bbox 731 1683 976 1749; x_wconf 80' lang='grc' dir='ltr'><strong><em>δεσμοῖσι</em></strong></span> <span class='ocrx_word' id='word_1_114' title='bbox 1003 1678 1096 1734; x_wconf 81' lang='grc' dir='ltr'><strong><em>διὰ</em></strong></span> <span class='ocrx_word' id='word_1_115' title='bbox 1120 1684 1453 1750; x_wconf 85' lang='grc' dir='ltr'><strong><em>τυραννίδας</em></strong></span> 
     </span>
    </p>

    <p class='ocr_par' dir='ltr' id='par_1_12' title="bbox 325 1760 1516 1835">
     <span class='ocr_line' id='line_1_21' title="bbox 325 1760 1516 1835; baseline 0.004 -20"><span class='ocrx_word' id='word_1_116' title='bbox 325 1763 559 1831; x_wconf 84' lang='grc' dir='ltr'><strong><em>πατέρας</em></strong></span> <span class='ocrx_word' id='word_1_117' title='bbox 583 1764 953 1832; x_wconf 84' lang='grc' dir='ltr'><strong><em>ἐκηλίδωσαν;</em></strong></span> <span class='ocrx_word' id='word_1_118' title='bbox 981 1761 1100 1818; x_wconf 77' lang='grc' dir='ltr'><strong><em>ἀλλ’</em></strong></span> <span class='ocrx_word' id='word_1_119' title='bbox 1131 1760 1342 1820; x_wconf 81' lang='grc' dir='ltr'><strong><em>οἰκοῦσ’</em></strong></span> <span class='ocrx_word' id='word_1_120' title='bbox 1372 1761 1516 1835; x_wconf 81' lang='grc' dir='ltr'><strong><em>ὅμως</em></strong></span> 
     </span>
    </p>
   </div>
   <div class='ocr_carea' id='block_1_4' title="bbox 309 1843 1418 1919">
    <p class='ocr_par' dir='ltr' id='par_1_13' title="bbox 309 1843 1418 1919">
     <span class='ocr_line' id='line_1_22' title="bbox 309 1843 1418 1919; baseline 0.004 -20"><span class='ocrx_word' id='word_1_121' title='bbox 309 1843 599 1916; x_wconf 70' lang='grc' dir='ltr'><strong><em>’Ὄλυμπον</em></strong></span> <span class='ocrx_word' id='word_1_122' title='bbox 624 1845 918 1917; x_wconf 79' lang='grc' dir='ltr'><strong><em>ἠνέσχοντό</em></strong></span> <span class='ocrx_word' id='word_1_123' title='bbox 941 1846 1005 1903; x_wconf 74' lang='grc' dir='ltr'><strong><em>θ’</em></strong></span> <span class='ocrx_word' id='word_1_124' title='bbox 1032 1846 1418 1919; x_wconf 80' lang='grc' dir='ltr'><strong><em>ἡμαρτηκότες.</em></strong></span> 
     </span>
    </p>
   </div>
   <div class='ocr_carea' id='block_1_5' title="bbox 325 1931 1791 2935">
    <p class='ocr_par' dir='ltr' id='par_1_14' title="bbox 326 1931 1791 2090">
     <span class='ocr_line' id='line_1_23' title="bbox 327 1931 1791 2005; baseline 0.005 -20"><span class='ocrx_word' id='word_1_125' title='bbox 327 1937 505 1985; x_wconf 84' lang='grc' dir='ltr'><strong><em>καίτοι</em></strong></span> <span class='ocrx_word' id='word_1_126' title='bbox 530 1938 586 1987; x_wconf 84' lang='grc' dir='ltr'><strong><em>τί</em></strong></span> <span class='ocrx_word' id='word_1_127' title='bbox 604 1931 824 2003; x_wconf 80' lang='grc' dir='ltr'><strong><em>φήσεις,</em></strong></span> <span class='ocrx_word' id='word_1_128' title='bbox 853 1938 903 1987; x_wconf 80' lang='grc' dir='ltr'><strong><em>εἰ</em></strong></span> <span class='ocrx_word' id='word_1_129' title='bbox 923 1950 994 1988; x_wconf 93' lang='grc' dir='ltr'><strong><em>συ</em></strong></span> <span class='ocrx_word' id='word_1_130' title='bbox 1017 1956 1118 2004; x_wconf 86' lang='grc' dir='ltr'><strong><em>μεν</em></strong></span> <span class='ocrx_word' id='word_1_131' title='bbox 1140 1932 1347 2004; x_wconf 87' lang='grc' dir='ltr'><strong><em>θνητὸς</em></strong></span> <span class='ocrx_word' id='word_1_132' title='bbox 1370 1932 1546 2005; x_wconf 72' lang='grc' dir='ltr'><strong><em>γεγώς</em></strong></span> <span class='ocrx_word' id='word_1_133' title='bbox 1682 1949 1791 1992; x_wconf 70' lang='lat'>1320</span> 
     </span>
     <span class='ocr_line' id='line_1_24' title="bbox 326 2013 1486 2118; baseline 0.002 -48"><span class='ocrx_word' id='word_1_134' title='bbox 326 2017 512 2086; x_wconf 81' lang='grc' dir='ltr'><strong><em>φέρεις</em></strong></span> <span class='ocrx_word' id='word_1_135' title='bbox 535 2013 791 2118; x_wconf 82' lang='grc' dir='ltr'><strong><em>ὑπέρφευ</em></strong></span> <span class='ocrx_word' id='word_1_136' title='bbox 815 2040 909 2082; x_wconf 91' lang='grc' dir='ltr'><strong><em>τας</em></strong></span> <span class='ocrx_word' id='word_1_137' title='bbox 933 2018 1124 2089; x_wconf 82' lang='grc' dir='ltr'><strong><em>τύχας,</em></strong></span> <span class='ocrx_word' id='word_1_138' title='bbox 1148 2019 1276 2074; x_wconf 85' lang='grc' dir='ltr'><strong><em>θεοὶ</em></strong></span> <span class='ocrx_word' id='word_1_139' title='bbox 1301 2018 1361 2073; x_wconf 91' lang='grc' dir='ltr'><strong><em>δε</em></strong></span> <span class='ocrx_word' id='word_1_140' title='bbox 1384 2019 1485 2090; x_wconf 87' lang='grc' dir='ltr'><strong><em>μή·</em></strong></span> <span class='ocrx_word' id='word_1_141' title='bbox 1472 2061 1486 2084; x_wconf 88' lang='grc'><strong><em>,</em></strong></span> 
     </span>
    </p>

    <p class='ocr_par' dir='ltr' id='par_1_15' title="bbox 333 2099 1526 2174">
     <span class='ocr_line' id='line_1_25' title="bbox 333 2099 1526 2174; baseline 0.002 -19"><span class='ocrx_word' id='word_1_142' title='bbox 333 2099 516 2171; x_wconf 81' lang='grc' dir='ltr'><strong><em>Θήβας</em></strong></span> <span class='ocrx_word' id='word_1_143' title='bbox 539 2125 639 2171; x_wconf 88' lang='grc' dir='ltr'><strong><em>μεν</em></strong></span> <span class='ocrx_word' id='word_1_144' title='bbox 665 2102 769 2156; x_wconf 83' lang='grc' dir='ltr'><strong><em>οὐν</em></strong></span> <span class='ocrx_word' id='word_1_145' title='bbox 793 2107 1008 2158; x_wconf 81' lang='grc' dir='ltr'><strong><em>ἔκλειπε</em></strong></span> <span class='ocrx_word' id='word_1_146' title='bbox 1031 2108 1130 2158; x_wconf 89' lang='grc' dir='ltr'><strong><em>τοῦ</em></strong></span> <span class='ocrx_word' id='word_1_147' title='bbox 1153 2103 1326 2174; x_wconf 89' lang='grc' dir='ltr'><strong><em>νόμου</em></strong></span> <span class='ocrx_word' id='word_1_148' title='bbox 1349 2126 1526 2174; x_wconf 87' lang='grc' dir='ltr'><strong><em>χαριν,</em></strong></span> 
     </span>
    </p>

    <p class='ocr_par' dir='ltr' id='par_1_16' title="bbox 325 2183 1572 2258">
     <span class='ocr_line' id='line_1_26' title="bbox 325 2183 1572 2258; baseline 0.002 -19"><span class='ocrx_word' id='word_1_149' title='bbox 325 2187 462 2240; x_wconf 81' lang='grc' dir='ltr'><strong><em>ἕπου</em></strong></span> <span class='ocrx_word' id='word_1_150' title='bbox 488 2183 541 2240; x_wconf 83' lang='grc' dir='ltr'><strong><em>δ’</em></strong></span> <span class='ocrx_word' id='word_1_151' title='bbox 571 2183 664 2256; x_wconf 84' lang='grc' dir='ltr'><strong><em>αμ’</em></strong></span> <span class='ocrx_word' id='word_1_152' title='bbox 690 2183 822 2257; x_wconf 80' lang='grc' dir='ltr'><strong><em>ἡμῖν</em></strong></span> <span class='ocrx_word' id='word_1_153' title='bbox 847 2186 982 2258; x_wconf 86' lang='grc' dir='ltr'><strong><em>πρὸς</em></strong></span> <span class='ocrx_word' id='word_1_154' title='bbox 1007 2187 1244 2257; x_wconf 87' lang='grc' dir='ltr'><strong><em>πόλισμα</em></strong></span> <span class='ocrx_word' id='word_1_155' title='bbox 1269 2187 1572 2251; x_wconf 80' lang='grc' dir='ltr'><strong><em>Παλλάδος.</em></strong></span> 
     </span>
    </p>

    <p class='ocr_par' dir='ltr' id='par_1_17' title="bbox 326 2267 1326 2343">
     <span class='ocr_line' id='line_1_27' title="bbox 326 2267 1326 2343; baseline 0.001 -18"><span class='ocrx_word' id='word_1_156' title='bbox 326 2273 442 2325; x_wconf 79' lang='grc' dir='ltr'><strong><em>ἐκεῖ</em></strong></span> <span class='ocrx_word' id='word_1_157' title='bbox 458 2270 618 2342; x_wconf 87' lang='grc' dir='ltr'><strong><em>χέρας</em></strong></span> <span class='ocrx_word' id='word_1_158' title='bbox 641 2269 737 2334; x_wconf 78' lang='grc' dir='ltr'><strong><em>σας</em></strong></span> <span class='ocrx_word' id='word_1_159' title='bbox 760 2267 987 2342; x_wconf 72' lang='grc' dir='ltr'><strong><em>ἁγνίσας</em></strong></span> <span class='ocrx_word' id='word_1_160' title='bbox 1010 2272 1326 2343; x_wconf 79' lang='grc' dir='ltr'><strong><em>μιάσματος,</em></strong></span> 
     </span>
    </p>

    <p class='ocr_par' dir='ltr' id='par_1_18' title="bbox 327 2353 1788 2511">
     <span class='ocr_line' id='line_1_28' title="bbox 328 2353 1788 2427; baseline 0.003 -19"><span class='ocrx_word' id='word_1_161' title='bbox 328 2354 533 2424; x_wconf 90' lang='grc' dir='ltr'><strong><em>δόμους</em></strong></span> <span class='ocrx_word' id='word_1_162' title='bbox 557 2377 614 2410; x_wconf 89' lang='grc' dir='ltr'><strong><em>τε</em></strong></span> <span class='ocrx_word' id='word_1_163' title='bbox 642 2354 801 2410; x_wconf 93' lang='grc' dir='ltr'><strong><em>δώσω</em></strong></span> <span class='ocrx_word' id='word_1_164' title='bbox 827 2357 1118 2427; x_wconf 81' lang='grc' dir='ltr'><strong><em>χρημάτων</em></strong></span> <span class='ocrx_word' id='word_1_165' title='bbox 1141 2353 1189 2410; x_wconf 85' lang='grc' dir='ltr'><strong><em>τ’</em></strong></span> <span class='ocrx_word' id='word_1_166' title='bbox 1219 2359 1365 2426; x_wconf 83' lang='grc' dir='ltr'><strong><em>ἐμῶν</em></strong></span> <span class='ocrx_word' id='word_1_167' title='bbox 1389 2358 1566 2427; x_wconf 89' lang='grc' dir='ltr'><strong><em>μέρος.</em></strong></span> <span class='ocrx_word' id='word_1_168' title='bbox 1682 2370 1788 2412; x_wconf 77' lang='lat'><strong><em>1325</em></strong></span> 
     </span>
     <span class='ocr_line' id='line_1_29' title="bbox 327 2435 1512 2511; baseline 0.003 -19"><span class='ocrx_word' id='word_1_169' title='bbox 327 2435 360 2492; x_wconf 75' lang='grc' dir='ltr'><em>ἃ</em></span> <span class='ocrx_word' id='word_1_170' title='bbox 386 2436 436 2493; x_wconf 83' lang='grc' dir='ltr'><strong><em>δ’</em></strong></span> <span class='ocrx_word' id='word_1_171' title='bbox 467 2441 526 2494; x_wconf 84' lang='grc' dir='ltr'><strong><em>ἐκ</em></strong></span> <span class='ocrx_word' id='word_1_172' title='bbox 553 2446 793 2495; x_wconf 87' lang='grc' dir='ltr'><strong><em>πολιτῶν</em></strong></span> <span class='ocrx_word' id='word_1_173' title='bbox 816 2439 950 2510; x_wconf 77' lang='grc' dir='ltr'><strong><em>δῶρ’</em></strong></span> <span class='ocrx_word' id='word_1_174' title='bbox 979 2447 1081 2511; x_wconf 84' lang='grc' dir='ltr'><strong><em>ἔχω</em></strong></span> <span class='ocrx_word' id='word_1_175' title='bbox 1109 2439 1287 2504; x_wconf 90' lang='grc' dir='ltr'><strong><em>σώσας</em></strong></span> <span class='ocrx_word' id='word_1_176' title='bbox 1313 2439 1512 2511; x_wconf 90' lang='grc' dir='ltr'><strong><em>κόρους</em></strong></span> 
     </span>
    </p>

    <p class='ocr_par' dir='ltr' id='par_1_19' title="bbox 329 2524 1498 2595">
     <span class='ocr_line' id='line_1_30' title="bbox 329 2524 1498 2595; baseline 0.002 -18"><span class='ocrx_word' id='word_1_177' title='bbox 329 2525 412 2588; x_wconf 80' lang='grc' dir='ltr'><strong><em>δὶς</em></strong></span> <span class='ocrx_word' id='word_1_178' title='bbox 437 2524 586 2593; x_wconf 83' lang='grc' dir='ltr'><strong><em>ἑπτά,</em></strong></span> <span class='ocrx_word' id='word_1_179' title='bbox 613 2530 819 2595; x_wconf 86' lang='grc' dir='ltr'><strong><em>ταῦρον</em></strong></span> <span class='ocrx_word' id='word_1_180' title='bbox 844 2525 1102 2580; x_wconf 87' lang='grc' dir='ltr'><strong><em>Κνώσιον</em></strong></span> <span class='ocrx_word' id='word_1_181' title='bbox 1125 2524 1498 2594; x_wconf 88' lang='grc' dir='ltr'><strong><em>κατακτανών,</em></strong></span> 
     </span>
    </p>

    <p class='ocr_par' dir='ltr' id='par_1_20' title="bbox 327 2608 1563 2681">
     <span class='ocr_line' id='line_1_31' title="bbox 327 2608 1563 2681; baseline 0.002 -20"><span class='ocrx_word' id='word_1_182' title='bbox 327 2609 414 2662; x_wconf 89' lang='grc' dir='ltr'><strong><em>σοὶ</em></strong></span> <span class='ocrx_word' id='word_1_183' title='bbox 438 2614 609 2663; x_wconf 88' lang='grc' dir='ltr'><strong><em>ταῦτα</em></strong></span> <span class='ocrx_word' id='word_1_184' title='bbox 633 2608 808 2664; x_wconf 89' lang='grc' dir='ltr'><strong><em>δώσω.</em></strong></span> <span class='ocrx_word' id='word_1_185' title='bbox 855 2614 1136 2680; x_wconf 85' lang='grc' dir='ltr'><strong><em>πανταχοῦ</em></strong></span> <span class='ocrx_word' id='word_1_186' title='bbox 1161 2611 1226 2664; x_wconf 88' lang='grc' dir='ltr'><strong><em>δέ</em></strong></span> <span class='ocrx_word' id='word_1_187' title='bbox 1246 2633 1337 2681; x_wconf 91' lang='grc' dir='ltr'><strong><em>μοι</em></strong></span> <span class='ocrx_word' id='word_1_188' title='bbox 1359 2608 1563 2680; x_wconf 86' lang='grc' dir='ltr'><strong><em>χθονὸς</em></strong></span> 
     </span>
    </p>

    <p class='ocr_par' dir='ltr' id='par_1_21' title="bbox 331 2692 1474 2765">
     <span class='ocr_line' id='line_1_32' title="bbox 331 2692 1474 2765; baseline 0.003 -19"><span class='ocrx_word' id='word_1_189' title='bbox 331 2694 526 2764; x_wconf 82' lang='grc' dir='ltr'><strong><em>τεμένη</em></strong></span> <span class='ocrx_word' id='word_1_190' title='bbox 552 2694 835 2748; x_wconf 88' lang='grc' dir='ltr'><strong><em>δέδασται·</em></strong></span> <span class='ocrx_word' id='word_1_191' title='bbox 863 2692 1017 2748; x_wconf 85' lang='grc' dir='ltr'><strong><em>ταῦτ’</em></strong></span> <span class='ocrx_word' id='word_1_192' title='bbox 1047 2696 1474 2765; x_wconf 84' lang='grc' dir='ltr'><strong><em>ἐπωνομασμένα</em></strong></span> 
     </span>
    </p>

    <p class='ocr_par' dir='ltr' id='par_1_22' title="bbox 331 2775 1789 2934">
     <span class='ocr_line' id='line_1_33' title="bbox 331 2775 1789 2850; baseline 0.002 -19"><span class='ocrx_word' id='word_1_193' title='bbox 331 2779 501 2831; x_wconf 80' lang='grc' dir='ltr'><strong><em>σέθεν</em></strong></span> <span class='ocrx_word' id='word_1_194' title='bbox 522 2775 582 2832; x_wconf 86' lang='grc' dir='ltr'><strong><em>τὸ</em></strong></span> <span class='ocrx_word' id='word_1_195' title='bbox 610 2776 808 2832; x_wconf 84' lang='grc' dir='ltr'><strong><em>λοιπὸν</em></strong></span> <span class='ocrx_word' id='word_1_196' title='bbox 831 2780 890 2833; x_wconf 81' lang='grc' dir='ltr'><strong><em>ἐκ</em></strong></span> <span class='ocrx_word' id='word_1_197' title='bbox 916 2783 1133 2850; x_wconf 88' lang='grc' dir='ltr'><strong><em>βροτῶν</em></strong></span> <span class='ocrx_word' id='word_1_198' title='bbox 1157 2779 1478 2849; x_wconf 86' lang='grc' dir='ltr'><strong><em>κεκλήσεται</em></strong></span> <span class='ocrx_word' id='word_1_199' title='bbox 1682 2791 1789 2834; x_wconf 76' lang='grc'><strong>1330</strong></span> 
     </span>
     <span class='ocr_line' id='line_1_34' title="bbox 331 2858 1709 2935; baseline 0.001 -20"><span class='ocrx_word' id='word_1_200' title='bbox 331 2867 554 2927; x_wconf 79' lang='grc' dir='ltr'><strong><em>ζῶντος</em></strong></span> <span class='ocrx_word' id='word_1_201' title='bbox 594 2861 843 2916; x_wconf 89' lang='grc' dir='ltr'><strong><em>θανόντα</em></strong></span> <span class='ocrx_word' id='word_1_202' title='bbox 867 2860 942 2926; x_wconf 81' lang='grc' dir='ltr'><strong><em>δ’,</em></strong></span> <span class='ocrx_word' id='word_1_203' title='bbox 978 2860 1092 2917; x_wconf 85' lang='grc' dir='ltr'><strong><em>εῦτ</em></strong></span> <span class='ocrx_word' id='word_1_204' title='bbox 1122 2858 1192 2918; x_wconf 70' lang='grc' dir='ltr'><strong><em>ἂν</em></strong></span> <span class='ocrx_word' id='word_1_205' title='bbox 1216 2869 1290 2928; x_wconf 83' lang='grc' dir='ltr'><strong><em>εἰς</em></strong></span> <span class='ocrx_word' id='word_1_206' title='bbox 1301 2860 1496 2918; x_wconf 84' lang='grc' dir='ltr'><strong><em>Ἀιδου</em></strong></span> <span class='ocrx_word' id='word_1_207' title='bbox 1521 2862 1709 2935; x_wconf 83' lang='grc' dir='ltr'><strong><em>μόλῃς,</em></strong></span> 
     </span>
    </p>
   </div>
  </div>
 </body>
</html>
