<?xml version="1.0" encoding="UTF-8"?>
<!DOCTYPE html PUBLIC "-//W3C//DTD XHTML 1.0 Transitional//EN"
    "http://www.w3.org/TR/xhtml1/DTD/xhtml1-transitional.dtd">
<html xmlns="http://www.w3.org/1999/xhtml" xml:lang="en" lang="en">
 <head>
  <title>
</title>
<meta http-equiv="Content-Type" content="text/html;charset=utf-8" />
  <meta name='ocr-system' content='tesseract 3.04.00' />
  <meta name='ocr-capabilities' content='ocr_page ocr_carea ocr_par ocr_line ocrx_word'/>
</head>
<body>
  <div class='ocr_page' id='page_1' title='image "./euripidistragoe01euriuoft_0270.png"; bbox 0 0 2022 3126; ppageno 0'>
   <div class='ocr_carea' id='block_1_1' title="bbox 215 101 1179 154">
    <p class='ocr_par' dir='ltr' id='par_1_1' title="bbox 215 101 1179 154">
     <span class='ocr_line' id='line_1_1' title="bbox 215 101 1179 154; baseline -0.001 -1"><span class='ocrx_word' id='word_1_1' title='bbox 215 101 235 153; x_wconf 81' lang='grc' dir='ltr'>Ι</span> <span class='ocrx_word' id='word_1_2' title='bbox 247 102 313 154; x_wconf 84' lang='grc'><em>70</em></span> <span class='ocrx_word' id='word_1_3' title='bbox 930 105 1179 153; x_wconf 81' lang='grc' dir='ltr'><em>ΕΚΑΒΗ</em></span> 
     </span>
    </p>
   </div>
   <div class='ocr_carea' id='block_1_2' title="bbox 191 242 1882 2958">
    <p class='ocr_par' dir='ltr' id='par_1_2' title="bbox 191 242 1882 2958">
     <span class='ocr_line' id='line_1_2' title="bbox 401 242 1525 318; baseline 0 -17"><span class='ocrx_word' id='word_1_4' title='bbox 401 242 505 301; x_wconf 79' lang='grc' dir='ltr'><em>οὐκ</em></span> <span class='ocrx_word' id='word_1_5' title='bbox 531 251 681 302; x_wconf 83' lang='grc' dir='ltr'><em>ἔστιν</em></span> <span class='ocrx_word' id='word_1_6' title='bbox 707 242 876 302; x_wconf 73' lang='grc' dir='ltr'><em>οὐδὲν</em></span> <span class='ocrx_word' id='word_1_7' title='bbox 901 246 1125 318; x_wconf 90' lang='grc' dir='ltr'><em>πιστόν,</em></span> <span class='ocrx_word' id='word_1_8' title='bbox 1152 243 1272 303; x_wconf 74' lang='grc' dir='ltr'><em>οὔτ’</em></span> <span class='ocrx_word' id='word_1_9' title='bbox 1303 243 1525 314; x_wconf 78' lang='grc' dir='ltr'><em>εὐδοξία</em></span> 
     </span>
     <span class='ocr_line' id='line_1_3' title="bbox 401 323 1755 404; baseline 0.001 -18"><span class='ocrx_word' id='word_1_10' title='bbox 401 327 522 387; x_wconf 76' lang='grc' dir='ltr'><em>οὔτ’</em></span> <span class='ocrx_word' id='word_1_11' title='bbox 551 323 626 386; x_wconf 76' lang='grc' dir='ltr'><em>αὖ</em></span> <span class='ocrx_word' id='word_1_12' title='bbox 649 336 830 396; x_wconf 75' lang='grc' dir='ltr'><em>καλῶς</em></span> <span class='ocrx_word' id='word_1_13' title='bbox 853 332 1174 403; x_wconf 75' lang='grc' dir='ltr'><em>πράσσοντα</em></span> <span class='ocrx_word' id='word_1_14' title='bbox 1202 330 1276 404; x_wconf 85' lang='grc' dir='ltr'><em>μὴ</em></span> <span class='ocrx_word' id='word_1_15' title='bbox 1302 331 1532 403; x_wconf 77' lang='grc' dir='ltr'><em>πράξειν</em></span> <span class='ocrx_word' id='word_1_16' title='bbox 1557 337 1755 398; x_wconf 78' lang='grc' dir='ltr'><em>κακῶς.</em></span> 
     </span>
     <span class='ocr_line' id='line_1_4' title="bbox 402 413 1658 489; baseline 0.001 -18"><span class='ocrx_word' id='word_1_17' title='bbox 402 416 650 487; x_wconf 79' lang='grc' dir='ltr'><em>φύρουσι</em></span> <span class='ocrx_word' id='word_1_18' title='bbox 675 420 709 472; x_wconf 89' lang='grc' dir='ltr'><em>δ</em></span> <span class='ocrx_word' id='word_1_19' title='bbox 716 413 729 434; x_wconf 90' lang='lat'>&#39;</span> <span class='ocrx_word' id='word_1_20' title='bbox 759 413 903 471; x_wconf 78' lang='grc' dir='ltr'><em>αὐτὰ</em></span> <span class='ocrx_word' id='word_1_21' title='bbox 924 418 1051 472; x_wconf 83' lang='grc' dir='ltr'><em>θεοὶ</em></span> <span class='ocrx_word' id='word_1_22' title='bbox 1077 417 1245 472; x_wconf 90' lang='grc' dir='ltr'><em>πάλιν</em></span> <span class='ocrx_word' id='word_1_23' title='bbox 1268 439 1327 472; x_wconf 88' lang='grc' dir='ltr'><em>τε</em></span> <span class='ocrx_word' id='word_1_24' title='bbox 1351 418 1444 472; x_wconf 81' lang='grc' dir='ltr'><em>καὶ</em></span> <span class='ocrx_word' id='word_1_25' title='bbox 1469 416 1658 489; x_wconf 89' lang='grc' dir='ltr'><em>πρόσω</em></span> 
     </span>
     <span class='ocr_line' id='line_1_5' title="bbox 398 498 1422 575; baseline 0.001 -19"><span class='ocrx_word' id='word_1_26' title='bbox 398 499 681 572; x_wconf 79' lang='grc' dir='ltr'><em>ταραγμὸν</em></span> <span class='ocrx_word' id='word_1_27' title='bbox 706 503 1047 571; x_wconf 85' lang='grc' dir='ltr'><em>ἐντιθέντες,</em></span> <span class='ocrx_word' id='word_1_28' title='bbox 1076 499 1149 566; x_wconf 73' lang='grc' dir='ltr'><em>ὡς</em></span> <span class='ocrx_word' id='word_1_29' title='bbox 1173 498 1422 575; x_wconf 76' lang='grc' dir='ltr'><em>ἀγνωσία</em></span> 
     </span>
     <span class='ocr_line' id='line_1_6' title="bbox 398 583 1882 658; baseline 0.001 -17"><span class='ocrx_word' id='word_1_30' title='bbox 398 587 649 657; x_wconf 84' lang='grc' dir='ltr'><em>σέβωμεν</em></span> <span class='ocrx_word' id='word_1_31' title='bbox 673 583 894 651; x_wconf 77' lang='grc' dir='ltr'><em>αὐτούς.</em></span> <span class='ocrx_word' id='word_1_32' title='bbox 929 584 1068 641; x_wconf 77' lang='grc' dir='ltr'><em>ἀλλὰ</em></span> <span class='ocrx_word' id='word_1_33' title='bbox 1093 593 1266 642; x_wconf 88' lang='grc' dir='ltr'><em>ταῦτα</em></span> <span class='ocrx_word' id='word_1_34' title='bbox 1291 587 1392 658; x_wconf 76' lang='grc' dir='ltr'><em>μὲν</em></span> <span class='ocrx_word' id='word_1_35' title='bbox 1417 593 1475 642; x_wconf 87' lang='grc' dir='ltr'><em>τί</em></span> <span class='ocrx_word' id='word_1_36' title='bbox 1501 590 1592 642; x_wconf 90' lang='grc' dir='ltr'><em>δεῖ</em></span> <span class='ocrx_word' id='word_1_37' title='bbox 1797 600 1882 646; x_wconf 86' lang='grc'><em>960</em></span> 
     </span>
     <span class='ocr_line' id='line_1_7' title="bbox 397 668 1854 744; baseline 0.001 -18"><span class='ocrx_word' id='word_1_38' title='bbox 397 679 635 742; x_wconf 81' lang='grc' dir='ltr'><em>θρηνεῖν</em></span> <span class='ocrx_word' id='word_1_39' title='bbox 660 669 1028 744; x_wconf 81' lang='grc' dir='ltr'><em>προκόπτοντ’</em></span> <span class='ocrx_word' id='word_1_40' title='bbox 1057 668 1227 727; x_wconf 76' lang='grc' dir='ltr'><em>οὐδὲν</em></span> <span class='ocrx_word' id='word_1_41' title='bbox 1254 677 1330 736; x_wconf 84' lang='grc' dir='ltr'><em>εἰς</em></span> <span class='ocrx_word' id='word_1_42' title='bbox 1355 671 1608 743; x_wconf 81' lang='grc' dir='ltr'><em>πρόσθεν</em></span> <span class='ocrx_word' id='word_1_43' title='bbox 1637 679 1854 740; x_wconf 78' lang='grc' dir='ltr'><em>κακῶν;</em></span> 
     </span>
     <span class='ocr_line' id='line_1_8' title="bbox 396 753 1519 828; baseline 0.001 -18"><span class='ocrx_word' id='word_1_44' title='bbox 396 753 466 810; x_wconf 83' lang='grc' dir='ltr'><em>σὺ</em></span> <span class='ocrx_word' id='word_1_45' title='bbox 493 753 546 811; x_wconf 81' lang='grc' dir='ltr'><em>δ’</em></span> <span class='ocrx_word' id='word_1_46' title='bbox 576 765 632 812; x_wconf 83' lang='grc' dir='ltr'><em>εἴ</em></span> <span class='ocrx_word' id='word_1_47' title='bbox 651 780 703 811; x_wconf 91' lang='grc' dir='ltr'><em>τι</em></span> <span class='ocrx_word' id='word_1_48' title='bbox 726 759 929 828; x_wconf 89' lang='grc' dir='ltr'><em>μέμφει</em></span> <span class='ocrx_word' id='word_1_49' title='bbox 954 763 1049 828; x_wconf 87' lang='grc' dir='ltr'><em>τῆς</em></span> <span class='ocrx_word' id='word_1_50' title='bbox 1073 759 1204 828; x_wconf 82' lang='grc' dir='ltr'><em>ἐμῆς</em></span> <span class='ocrx_word' id='word_1_51' title='bbox 1228 754 1519 827; x_wconf 87' lang='grc' dir='ltr'><em>ἀπουσίας,</em></span> 
     </span>
     <span class='ocr_line' id='line_1_9' title="bbox 395 839 1677 915; baseline 0.002 -19"><span class='ocrx_word' id='word_1_52' title='bbox 395 841 542 911; x_wconf 80' lang='grc' dir='ltr'><em>σχές’</em></span> <span class='ocrx_word' id='word_1_53' title='bbox 569 841 824 913; x_wconf 77' lang='grc' dir='ltr'><em>τυγχάνω</em></span> <span class='ocrx_word' id='word_1_54' title='bbox 851 840 956 913; x_wconf 77' lang='grc' dir='ltr'><em>γὰρ</em></span> <span class='ocrx_word' id='word_1_55' title='bbox 982 845 1042 897; x_wconf 83' lang='grc' dir='ltr'><em>ἐν</em></span> <span class='ocrx_word' id='word_1_56' title='bbox 1067 844 1252 913; x_wconf 82' lang='grc' dir='ltr'><em>μέσοις</em></span> <span class='ocrx_word' id='word_1_57' title='bbox 1279 841 1498 915; x_wconf 81' lang='grc' dir='ltr'><em>Θρῄκης</em></span> <span class='ocrx_word' id='word_1_58' title='bbox 1525 839 1677 914; x_wconf 79' lang='grc' dir='ltr'><em>ὅροις</em></span> 
     </span>
     <span class='ocr_line' id='line_1_10' title="bbox 397 919 1681 999; baseline 0.002 -18"><span class='ocrx_word' id='word_1_59' title='bbox 397 922 558 982; x_wconf 74' lang='grc' dir='ltr'><em>ἀπών</em></span> <span class='ocrx_word' id='word_1_60' title='bbox 575 971 589 998; x_wconf 93' lang='grc'><em>,</em></span> <span class='ocrx_word' id='word_1_61' title='bbox 619 924 702 983; x_wconf 80' lang='grc' dir='ltr'><em>ὅτ’</em></span> <span class='ocrx_word' id='word_1_62' title='bbox 729 919 902 998; x_wconf 76' lang='grc' dir='ltr'><em>ἦλθες</em></span> <span class='ocrx_word' id='word_1_63' title='bbox 929 924 1088 999; x_wconf 84' lang='grc' dir='ltr'><em>δεῦρ’</em></span> <span class='ocrx_word' id='word_1_64' title='bbox 1110 946 1121 955; x_wconf 92' lang='grc'><em>·</em></span> <span class='ocrx_word' id='word_1_65' title='bbox 1150 929 1270 983; x_wconf 80' lang='grc' dir='ltr'><em>ἐπεὶ</em></span> <span class='ocrx_word' id='word_1_66' title='bbox 1295 924 1349 982; x_wconf 79' lang='grc' dir='ltr'><em>δ’</em></span> <span class='ocrx_word' id='word_1_67' title='bbox 1380 925 1681 999; x_wconf 89' lang='grc' dir='ltr'><em>ἀφικόμην,</em></span> 
     </span>
     <span class='ocr_line' id='line_1_11' title="bbox 398 1007 1882 1084; baseline 0.001 -17"><span class='ocrx_word' id='word_1_68' title='bbox 398 1007 506 1083; x_wconf 80' lang='grc' dir='ltr'><em>ἤδη</em></span> <span class='ocrx_word' id='word_1_69' title='bbox 532 1009 660 1068; x_wconf 88' lang='grc' dir='ltr'><em>πόδ’</em></span> <span class='ocrx_word' id='word_1_70' title='bbox 689 1014 789 1079; x_wconf 80' lang='grc' dir='ltr'><em>ἔξω</em></span> <span class='ocrx_word' id='word_1_71' title='bbox 817 1012 1088 1083; x_wconf 87' lang='grc' dir='ltr'><em>δωμάτων</em></span> <span class='ocrx_word' id='word_1_72' title='bbox 1113 1018 1334 1084; x_wconf 80' lang='grc' dir='ltr'><em>αἴροντί</em></span> <span class='ocrx_word' id='word_1_73' title='bbox 1353 1036 1444 1084; x_wconf 89' lang='grc' dir='ltr'><em>μοι</em></span> <span class='ocrx_word' id='word_1_74' title='bbox 1798 1025 1882 1070; x_wconf 84' lang='grc'><em>965</em></span> 
     </span>
     <span class='ocr_line' id='line_1_12' title="bbox 397 1095 1557 1169; baseline 0.001 -17"><span class='ocrx_word' id='word_1_75' title='bbox 397 1102 473 1161; x_wconf 85' lang='grc' dir='ltr'><em>εἰς</em></span> <span class='ocrx_word' id='word_1_76' title='bbox 497 1095 704 1153; x_wconf 82' lang='grc' dir='ltr'><em>ταύτὸν</em></span> <span class='ocrx_word' id='word_1_77' title='bbox 729 1095 800 1168; x_wconf 79' lang='grc' dir='ltr'><em>ἥδ</em></span> <span class='ocrx_word' id='word_1_78' title='bbox 806 1121 829 1153; x_wconf 84' lang='grc' dir='ltr'><em>ε</em></span> <span class='ocrx_word' id='word_1_79' title='bbox 854 1104 1148 1168; x_wconf 88' lang='grc' dir='ltr'><em>συμπίτνει</em></span> <span class='ocrx_word' id='word_1_80' title='bbox 1173 1099 1345 1169; x_wconf 82' lang='grc' dir='ltr'><em>δμωὶς</em></span> <span class='ocrx_word' id='word_1_81' title='bbox 1369 1101 1557 1168; x_wconf 86' lang='grc' dir='ltr'><em>σέθεν,</em></span> 
     </span>
     <span class='ocr_line' id='line_1_13' title="bbox 393 1175 1530 1255; baseline 0 -18"><span class='ocrx_word' id='word_1_82' title='bbox 393 1183 636 1253; x_wconf 77' lang='grc' dir='ltr'><em>λέγουσα</em></span> <span class='ocrx_word' id='word_1_83' title='bbox 659 1179 882 1254; x_wconf 75' lang='grc' dir='ltr'><em>μύθους</em></span> <span class='ocrx_word' id='word_1_84' title='bbox 909 1175 988 1238; x_wconf 67' lang='grc' dir='ltr'><em>ὧν</em></span> <span class='ocrx_word' id='word_1_85' title='bbox 1014 1184 1203 1239; x_wconf 81' lang='grc' dir='ltr'><em>κλύων</em></span> <span class='ocrx_word' id='word_1_86' title='bbox 1231 1181 1530 1255; x_wconf 81' lang='grc' dir='ltr'><em>ἀφικόμην.</em></span> 
     </span>
     <span class='ocr_line' id='line_1_14' title="bbox 204 1267 1518 1339; baseline 0.002 -17"><span class='ocrx_word' id='word_1_87' title='bbox 204 1273 302 1322; x_wconf 89' lang='grc' dir='ltr'><em>ΕΚ</em></span> <span class='ocrx_word' id='word_1_88' title='bbox 392 1267 730 1338; x_wconf 81' lang='grc' dir='ltr'><em>αἰσχύνομαί</em></span> <span class='ocrx_word' id='word_1_89' title='bbox 761 1287 821 1323; x_wconf 92' lang='grc' dir='ltr'><em>σε</em></span> <span class='ocrx_word' id='word_1_90' title='bbox 846 1270 1219 1339; x_wconf 81' lang='grc' dir='ltr'><em>προσβλέπειν</em></span> <span class='ocrx_word' id='word_1_91' title='bbox 1245 1272 1518 1339; x_wconf 83' lang='grc' dir='ltr'><em>ἐναντίον,</em></span> 
     </span>
     <span class='ocr_line' id='line_1_15' title="bbox 391 1356 1627 1425; baseline 0.001 -18"><span class='ocrx_word' id='word_1_92' title='bbox 391 1358 791 1424; x_wconf 83' lang='grc' dir='ltr'><em>Πολυμῆστορ,</em></span> <span class='ocrx_word' id='word_1_93' title='bbox 822 1356 883 1408; x_wconf 83' lang='grc' dir='ltr'><em>ἐν</em></span> <span class='ocrx_word' id='word_1_94' title='bbox 905 1357 1145 1409; x_wconf 87' lang='grc' dir='ltr'><em>τοιοῖσδε</em></span> <span class='ocrx_word' id='word_1_95' title='bbox 1169 1356 1395 1425; x_wconf 86' lang='grc' dir='ltr'><em>κειμένη</em></span> <span class='ocrx_word' id='word_1_96' title='bbox 1421 1367 1627 1418; x_wconf 83' lang='grc' dir='ltr'><em>κακοῖς.</em></span> 
     </span>
     <span class='ocr_line' id='line_1_16' title="bbox 393 1433 1880 1513; baseline 0.001 -20"><span class='ocrx_word' id='word_1_97' title='bbox 393 1433 499 1513; x_wconf 77' lang='grc' dir='ltr'><em>ὅτῳ</em></span> <span class='ocrx_word' id='word_1_98' title='bbox 523 1436 628 1511; x_wconf 79' lang='grc' dir='ltr'><em>γὰρ</em></span> <span class='ocrx_word' id='word_1_99' title='bbox 656 1435 861 1510; x_wconf 75' lang='grc' dir='ltr'><em>ὤφθην</em></span> <span class='ocrx_word' id='word_1_100' title='bbox 894 1435 1189 1509; x_wconf 81' lang='grc' dir='ltr'><em>εὐτυχοῦσ’</em></span> <span class='ocrx_word' id='word_1_101' title='bbox 1209 1483 1222 1508; x_wconf 89' lang='grc'><em>,</em></span> <span class='ocrx_word' id='word_1_102' title='bbox 1252 1439 1420 1504; x_wconf 76' lang='grc' dir='ltr'><em>αἰδώς</em></span> <span class='ocrx_word' id='word_1_103' title='bbox 1445 1436 1504 1510; x_wconf 76' lang='grc' dir='ltr'><em>μ’</em></span> <span class='ocrx_word' id='word_1_104' title='bbox 1534 1445 1644 1510; x_wconf 81' lang='grc' dir='ltr'><em>ἔχει</em></span> <span class='ocrx_word' id='word_1_105' title='bbox 1797 1453 1880 1498; x_wconf 87' lang='grc'><em>970</em></span> 
     </span>
     <span class='ocr_line' id='line_1_17' title="bbox 392 1521 1615 1599; baseline 0.002 -21"><span class='ocrx_word' id='word_1_106' title='bbox 392 1525 452 1578; x_wconf 84' lang='grc' dir='ltr'><em>ἐν</em></span> <span class='ocrx_word' id='word_1_107' title='bbox 480 1528 621 1598; x_wconf 77' lang='grc' dir='ltr'><em>τῷδε</em></span> <span class='ocrx_word' id='word_1_108' title='bbox 649 1523 837 1599; x_wconf 78' lang='grc' dir='ltr'><em>πότμῳ</em></span> <span class='ocrx_word' id='word_1_109' title='bbox 865 1523 1216 1595; x_wconf 79' lang='grc' dir='ltr'><em>[τυγχάνουσ’</em></span> <span class='ocrx_word' id='word_1_110' title='bbox 1250 1521 1324 1580; x_wconf 79' lang='grc' dir='ltr'><em>ἵν’</em></span> <span class='ocrx_word' id='word_1_111' title='bbox 1357 1526 1467 1596; x_wconf 84' lang='grc' dir='ltr'><em>εἰμὶ</em></span> <span class='ocrx_word' id='word_1_112' title='bbox 1490 1531 1615 1595; x_wconf 81' lang='grc' dir='ltr'><em>νῦν,</em></span> 
     </span>
     <span class='ocr_line' id='line_1_18' title="bbox 393 1605 1872 1682; baseline 0.003 -19"><span class='ocrx_word' id='word_1_113' title='bbox 393 1606 534 1664; x_wconf 77' lang='grc' dir='ltr'><em>κούκ</em></span> <span class='ocrx_word' id='word_1_114' title='bbox 576 1605 645 1664; x_wconf 72' lang='grc' dir='ltr'><em>ἂν</em></span> <span class='ocrx_word' id='word_1_115' title='bbox 686 1613 985 1681; x_wconf 86' lang='grc' dir='ltr'><em>δυναίμην]</em></span> <span class='ocrx_word' id='word_1_116' title='bbox 1036 1612 1410 1682; x_wconf 88' lang='grc' dir='ltr'><em>προσβλέπειν</em></span> <span class='ocrx_word' id='word_1_117' title='bbox 1507 1607 1703 1680; x_wconf 81' lang='grc' dir='ltr'><em>ὀρθαῖς</em></span> <span class='ocrx_word' id='word_1_118' title='bbox 1780 1611 1872 1668; x_wconf 68' lang='lat' dir='ltr'><em>xd—</em></span> 
     </span>
     <span class='ocr_line' id='line_1_19' title="bbox 963 1718 1098 1763; baseline -0.007 -13"><span class='ocrx_word' id='word_1_119' title='bbox 963 1718 1098 1763; x_wconf 84' lang='grc' dir='ltr'><em>ραις.</em></span> 
     </span>
     <span class='ocr_line' id='line_1_20' title="bbox 392 1776 1493 1854; baseline 0.001 -20"><span class='ocrx_word' id='word_1_120' title='bbox 392 1777 514 1835; x_wconf 78' lang='grc' dir='ltr'><em>ἀλλ’</em></span> <span class='ocrx_word' id='word_1_121' title='bbox 545 1776 680 1835; x_wconf 79' lang='grc' dir='ltr'><em>αὐτὸ</em></span> <span class='ocrx_word' id='word_1_122' title='bbox 707 1779 780 1851; x_wconf 83' lang='grc' dir='ltr'><em>μὴ</em></span> <span class='ocrx_word' id='word_1_123' title='bbox 809 1781 1078 1836; x_wconf 80' lang='grc' dir='ltr'><em>δύσνοιαν</em></span> <span class='ocrx_word' id='word_1_124' title='bbox 1105 1777 1282 1854; x_wconf 79' lang='grc' dir='ltr'><em>ἡγήσῃ</em></span> <span class='ocrx_word' id='word_1_125' title='bbox 1306 1783 1493 1850; x_wconf 85' lang='grc' dir='ltr'><em>σέθεν,</em></span> 
     </span>
     <span class='ocr_line' id='line_1_21' title="bbox 388 1863 1691 1936; baseline 0.001 -17"><span class='ocrx_word' id='word_1_126' title='bbox 388 1871 786 1935; x_wconf 84' lang='grc' dir='ltr'><em>Πολυμῆστορ·</em></span> <span class='ocrx_word' id='word_1_127' title='bbox 817 1863 996 1930; x_wconf 70' lang='grc' dir='ltr'><em>ἄλλως</em></span> <span class='ocrx_word' id='word_1_128' title='bbox 1022 1863 1075 1921; x_wconf 85' lang='grc' dir='ltr'><em>δ’</em></span> <span class='ocrx_word' id='word_1_129' title='bbox 1105 1867 1284 1922; x_wconf 83' lang='grc' dir='ltr'><em>αἴτιόν</em></span> <span class='ocrx_word' id='word_1_130' title='bbox 1309 1889 1362 1921; x_wconf 93' lang='grc' dir='ltr'><em>τι</em></span> <span class='ocrx_word' id='word_1_131' title='bbox 1384 1867 1478 1920; x_wconf 85' lang='grc' dir='ltr'><em>καὶ</em></span> <span class='ocrx_word' id='word_1_132' title='bbox 1506 1865 1691 1936; x_wconf 89' lang='grc' dir='ltr'><em>νόμος,</em></span> 
     </span>
     <span class='ocr_line' id='line_1_22' title="bbox 389 1948 1873 2022; baseline 0.001 -17"><span class='ocrx_word' id='word_1_133' title='bbox 389 1963 657 2021; x_wconf 85' lang='grc' dir='ltr'><em>γυναῖκας</em></span> <span class='ocrx_word' id='word_1_134' title='bbox 683 1948 907 2020; x_wconf 79' lang='grc' dir='ltr'><em>ἀνδρῶν</em></span> <span class='ocrx_word' id='word_1_135' title='bbox 931 1951 1003 2022; x_wconf 85' lang='grc' dir='ltr'><em>μὴ</em></span> <span class='ocrx_word' id='word_1_136' title='bbox 1030 1954 1256 2022; x_wconf 88' lang='grc' dir='ltr'><em>βλέπειν</em></span> <span class='ocrx_word' id='word_1_137' title='bbox 1282 1954 1552 2007; x_wconf 83' lang='grc' dir='ltr'><em>ἐναντίον.</em></span> <span class='ocrx_word' id='word_1_138' title='bbox 1790 1965 1873 2010; x_wconf 84' lang='lat'><em>975</em></span> 
     </span>
     <span class='ocr_line' id='line_1_23' title="bbox 708 2032 963 2055; baseline 0.012 -3"><span class='ocrx_word' id='word_1_139' title='bbox 708 2035 719 2051; x_wconf 85' lang='grc' dir='ltr'><em>Ι</em></span> <span class='ocrx_word' id='word_1_140' title='bbox 784 2032 795 2052; x_wconf 68' lang='lat'>2</span> <span class='ocrx_word' id='word_1_141' title='bbox 877 2033 889 2052; x_wconf 67' lang='lat'>2</span> <span class='ocrx_word' id='word_1_142' title='bbox 952 2038 963 2055; x_wconf 83' lang='grc' dir='ltr'><strong><em>Ι</em></strong></span> 
     </span>
     <span class='ocr_line' id='line_1_24' title="bbox 390 2117 1674 2193; baseline 0 -17"><span class='ocrx_word' id='word_1_143' title='bbox 390 2126 447 2176; x_wconf 94' lang='grc' dir='ltr'><em>τί</em></span> <span class='ocrx_word' id='word_1_144' title='bbox 473 2117 642 2193; x_wconf 78' lang='grc' dir='ltr'><em>χρῆμ’</em></span> <span class='ocrx_word' id='word_1_145' title='bbox 673 2122 896 2191; x_wconf 81' lang='grc' dir='ltr'><em>έπέμψω</em></span> <span class='ocrx_word' id='word_1_146' title='bbox 921 2120 1020 2176; x_wconf 80' lang='grc' dir='ltr'><em>τὸν</em></span> <span class='ocrx_word' id='word_1_147' title='bbox 1044 2120 1178 2192; x_wconf 84' lang='grc' dir='ltr'><em>ε’μόν</em></span> <span class='ocrx_word' id='word_1_148' title='bbox 1203 2124 1262 2176; x_wconf 83' lang='grc' dir='ltr'><em>ἐκ</em></span> <span class='ocrx_word' id='word_1_149' title='bbox 1287 2121 1476 2192; x_wconf 90' lang='grc' dir='ltr'><em>δόμων</em></span> <span class='ocrx_word' id='word_1_150' title='bbox 1501 2121 1674 2188; x_wconf 85' lang='grc' dir='ltr'><em>πόδα;</em></span> 
     </span>
     <span class='ocr_line' id='line_1_25' title="bbox 200 2204 1518 2278; baseline 0.001 -17"><span class='ocrx_word' id='word_1_151' title='bbox 200 2212 313 2261; x_wconf 87' lang='grc' dir='ltr'><em>ΕΚ.</em></span> <span class='ocrx_word' id='word_1_152' title='bbox 386 2210 532 2261; x_wconf 80' lang='grc' dir='ltr'><em>ἴδιον</em></span> <span class='ocrx_word' id='word_1_153' title='bbox 559 2208 796 2276; x_wconf 84' lang='grc' dir='ltr'><em>ἐμαυτῆς</em></span> <span class='ocrx_word' id='word_1_154' title='bbox 821 2205 889 2276; x_wconf 86' lang='grc' dir='ltr'><em>δή</em></span> <span class='ocrx_word' id='word_1_155' title='bbox 915 2230 965 2261; x_wconf 93' lang='grc' dir='ltr'><em>τι</em></span> <span class='ocrx_word' id='word_1_156' title='bbox 998 2204 1136 2277; x_wconf 81' lang='grc' dir='ltr'><em>πρὸς</em></span> <span class='ocrx_word' id='word_1_157' title='bbox 1161 2207 1222 2262; x_wconf 78' lang='grc' dir='ltr'><em>σὲ</em></span> <span class='ocrx_word' id='word_1_158' title='bbox 1247 2205 1518 2278; x_wconf 79' lang='grc' dir='ltr'><em>βούλομαι</em></span> 
     </span>
     <span class='ocr_line' id='line_1_26' title="bbox 388 2288 1565 2363; baseline 0 -17"><span class='ocrx_word' id='word_1_159' title='bbox 388 2293 483 2346; x_wconf 85' lang='grc' dir='ltr'><em>καὶ</em></span> <span class='ocrx_word' id='word_1_160' title='bbox 506 2295 706 2356; x_wconf 85' lang='grc' dir='ltr'><em>παῖδας</em></span> <span class='ocrx_word' id='word_1_161' title='bbox 733 2296 909 2346; x_wconf 80' lang='grc' dir='ltr'><em>εἰπεῖν</em></span> <span class='ocrx_word' id='word_1_162' title='bbox 933 2292 1089 2356; x_wconf 82' lang='grc' dir='ltr'><em>σούς·</em></span> <span class='ocrx_word' id='word_1_163' title='bbox 1119 2288 1361 2357; x_wconf 84' lang='grc' dir='ltr'><em>ὀπάονας</em></span> <span class='ocrx_word' id='word_1_164' title='bbox 1388 2295 1453 2348; x_wconf 89' lang='grc' dir='ltr'><em>δέ</em></span> <span class='ocrx_word' id='word_1_165' title='bbox 1473 2315 1565 2363; x_wconf 90' lang='grc' dir='ltr'><em>μοι</em></span> 
     </span>
     <span class='ocr_line' id='line_1_27' title="bbox 389 2373 1873 2448; baseline 0.002 -17"><span class='ocrx_word' id='word_1_166' title='bbox 389 2378 554 2448; x_wconf 84' lang='grc' dir='ltr'><em>χωρὶς</em></span> <span class='ocrx_word' id='word_1_167' title='bbox 579 2378 847 2432; x_wconf 83' lang='grc' dir='ltr'><em>κέλευσον</em></span> <span class='ocrx_word' id='word_1_168' title='bbox 873 2373 1041 2432; x_wconf 75' lang='grc' dir='ltr'><em>τῶνδ’</em></span> <span class='ocrx_word' id='word_1_169' title='bbox 1074 2374 1383 2448; x_wconf 82' lang='grc' dir='ltr'><em>ἀποστῆναι</em></span> <span class='ocrx_word' id='word_1_170' title='bbox 1411 2377 1616 2448; x_wconf 90' lang='grc' dir='ltr'><em>δόμων.</em></span> <span class='ocrx_word' id='word_1_171' title='bbox 1788 2390 1873 2434; x_wconf 86' lang='grc'><em>980</em></span> 
     </span>
     <span class='ocr_line' id='line_1_28' title="bbox 203 2459 1504 2534; baseline 0 -18"><span class='ocrx_word' id='word_1_172' title='bbox 203 2466 384 2516; x_wconf 77' lang='lat' dir='ltr'><em>HAM.</em></span> <span class='ocrx_word' id='word_1_173' title='bbox 412 2459 629 2533; x_wconf 81' lang='grc' dir='ltr'><em>χωρεῖτ’</em></span> <span class='ocrx_word' id='word_1_174' title='bbox 651 2481 661 2489; x_wconf 97' lang='grc'>·</span> <span class='ocrx_word' id='word_1_175' title='bbox 690 2464 750 2517; x_wconf 86' lang='grc' dir='ltr'><em>έν</em></span> <span class='ocrx_word' id='word_1_176' title='bbox 776 2459 1019 2532; x_wconf 88' lang='grc' dir='ltr'><em>ἀσφαλεῖ</em></span> <span class='ocrx_word' id='word_1_177' title='bbox 1037 2461 1144 2534; x_wconf 78' lang='grc' dir='ltr'><em>γὰρ</em></span> <span class='ocrx_word' id='word_1_178' title='bbox 1170 2459 1260 2534; x_wconf 74' lang='grc' dir='ltr'><em>ἥδ’</em></span> <span class='ocrx_word' id='word_1_179' title='bbox 1291 2466 1504 2534; x_wconf 83' lang='grc' dir='ltr'><em>ἐρημία.</em></span> 
     </span>
     <span class='ocr_line' id='line_1_29' title="bbox 386 2544 1557 2620; baseline 0.002 -19"><span class='ocrx_word' id='word_1_180' title='bbox 386 2553 519 2618; x_wconf 86' lang='grc' dir='ltr'><em>φίλη</em></span> <span class='ocrx_word' id='word_1_181' title='bbox 545 2546 645 2617; x_wconf 76' lang='grc' dir='ltr'><em>μὲν</em></span> <span class='ocrx_word' id='word_1_182' title='bbox 673 2544 805 2617; x_wconf 86' lang='grc' dir='ltr'><em>ἡμῖν</em></span> <span class='ocrx_word' id='word_1_183' title='bbox 836 2546 888 2603; x_wconf 82' lang='grc' dir='ltr'><em>εἶ</em></span> <span class='ocrx_word' id='word_1_184' title='bbox 914 2547 1014 2618; x_wconf 80' lang='grc' dir='ltr'><em>σύ,</em></span> <span class='ocrx_word' id='word_1_185' title='bbox 1047 2549 1346 2620; x_wconf 76' lang='grc' dir='ltr'><em>προσφιλὲς</em></span> <span class='ocrx_word' id='word_1_186' title='bbox 1378 2550 1445 2604; x_wconf 89' lang='grc' dir='ltr'><em>δέ</em></span> <span class='ocrx_word' id='word_1_187' title='bbox 1467 2571 1557 2620; x_wconf 91' lang='grc' dir='ltr'><em>μοι</em></span> 
     </span>
     <span class='ocr_line' id='line_1_30' title="bbox 385 2627 1699 2703; baseline 0.002 -17"><span class='ocrx_word' id='word_1_188' title='bbox 385 2628 678 2703; x_wconf 87' lang='grc' dir='ltr'><em>στράτευμ’</em></span> <span class='ocrx_word' id='word_1_189' title='bbox 709 2627 959 2702; x_wconf 77' lang='grc' dir='ltr'><em>Ἀχαιῶν.</em></span> <span class='ocrx_word' id='word_1_190' title='bbox 986 2628 1125 2686; x_wconf 80' lang='grc' dir='ltr'><em>ἀλλὰ</em></span> <span class='ocrx_word' id='word_1_191' title='bbox 1149 2637 1441 2703; x_wconf 89' lang='grc' dir='ltr'><em>σημαίνειν</em></span> <span class='ocrx_word' id='word_1_192' title='bbox 1470 2649 1531 2687; x_wconf 92' lang='grc' dir='ltr'><em>σε</em></span> <span class='ocrx_word' id='word_1_193' title='bbox 1554 2635 1699 2702; x_wconf 80' lang='grc' dir='ltr'><em>χρῆν</em></span> 
     </span>
     <span class='ocr_line' id='line_1_31' title="bbox 386 2708 1688 2790; baseline -0.001 -18"><span class='ocrx_word' id='word_1_194' title='bbox 386 2723 444 2772; x_wconf 91' lang='grc' dir='ltr'><em>τί</em></span> <span class='ocrx_word' id='word_1_195' title='bbox 467 2713 569 2787; x_wconf 79' lang='grc' dir='ltr'><em>χρὴ</em></span> <span class='ocrx_word' id='word_1_196' title='bbox 594 2714 692 2772; x_wconf 85' lang='grc' dir='ltr'><em>τὸν</em></span> <span class='ocrx_word' id='word_1_197' title='bbox 721 2708 786 2772; x_wconf 75' lang='grc' dir='ltr'><em>εὖ</em></span> <span class='ocrx_word' id='word_1_198' title='bbox 810 2716 1129 2790; x_wconf 88' lang='grc' dir='ltr'><em>πράσσοντα</em></span> <span class='ocrx_word' id='word_1_199' title='bbox 1151 2716 1224 2788; x_wconf 84' lang='grc' dir='ltr'><em>μὴ</em></span> <span class='ocrx_word' id='word_1_200' title='bbox 1251 2716 1597 2787; x_wconf 88' lang='grc' dir='ltr'><em>πράσσουσιν</em></span> <span class='ocrx_word' id='word_1_201' title='bbox 1623 2708 1688 2771; x_wconf 76' lang='grc' dir='ltr'><em>εὖ</em></span> 
     </span>
     <span class='ocr_line' id='line_1_32' title="bbox 388 2798 1870 2872; baseline 0.001 -16"><span class='ocrx_word' id='word_1_202' title='bbox 388 2807 572 2872; x_wconf 88' lang='grc' dir='ltr'><em>φίλοις</em></span> <span class='ocrx_word' id='word_1_203' title='bbox 598 2803 884 2872; x_wconf 84' lang='grc' dir='ltr'><em>ἐπαρκεῖν·</em></span> <span class='ocrx_word' id='word_1_204' title='bbox 916 2798 990 2866; x_wconf 72' lang='grc' dir='ltr'><em>ὡς</em></span> <span class='ocrx_word' id='word_1_205' title='bbox 1015 2802 1229 2872; x_wconf 81' lang='grc' dir='ltr'><em>ἕτοιμός</em></span> <span class='ocrx_word' id='word_1_206' title='bbox 1256 2799 1363 2871; x_wconf 84' lang='grc' dir='ltr'><em>εἰμ’</em></span> <span class='ocrx_word' id='word_1_207' title='bbox 1394 2801 1520 2872; x_wconf 72' lang='grc' dir='ltr'><em>ἐγώ.</em></span> <span class='ocrx_word' id='word_1_208' title='bbox 1787 2814 1870 2858; x_wconf 77' lang='lat'><em>985</em></span> 
     </span>
     <span class='ocr_line' id='line_1_33' title="bbox 191 2883 1576 2958; baseline -0.001 -16"><span class='ocrx_word' id='word_1_209' title='bbox 191 2892 316 2942; x_wconf 82' lang='grc' dir='ltr'><em>ΕΚ.</em></span> <span class='ocrx_word' id='word_1_210' title='bbox 389 2893 612 2956; x_wconf 75' lang='grc' dir='ltr'><em>πρῶτον</em></span> <span class='ocrx_word' id='word_1_211' title='bbox 634 2886 737 2955; x_wconf 76' lang='grc' dir='ltr'><em>μὲν</em></span> <span class='ocrx_word' id='word_1_212' title='bbox 763 2886 881 2942; x_wconf 77' lang='grc' dir='ltr'><em>εἰπὲ</em></span> <span class='ocrx_word' id='word_1_213' title='bbox 911 2883 1065 2942; x_wconf 83' lang='grc' dir='ltr'><em>παῖδ’</em></span> <span class='ocrx_word' id='word_1_214' title='bbox 1095 2883 1161 2941; x_wconf 80' lang='grc' dir='ltr'><em>ὂν</em></span> <span class='ocrx_word' id='word_1_215' title='bbox 1187 2889 1239 2953; x_wconf 81' lang='grc' dir='ltr'><em>ἐξ</em></span> <span class='ocrx_word' id='word_1_216' title='bbox 1265 2889 1394 2957; x_wconf 83' lang='grc' dir='ltr'><em>ἐμῆς</em></span> <span class='ocrx_word' id='word_1_217' title='bbox 1417 2885 1576 2958; x_wconf 83' lang='grc' dir='ltr'><em>χερὸς</em></span> 
     </span>
    </p>
   </div>
  </div>
 </body>
</html>
