2022 3126
103 1013 226 1063 ΔΗ.

103 1351 218 1400 XO.

111 2113 206 2162 10.

709 99 1151 146 ΗΡΑΚΛΕΙΔΑΙ
1653 92 1748 143 ’297

286 242 395 315 ἥξω
422 244 483 299 δὲ
507 239 715 311 πολλὴν
731 237 926 310 ’Ἀρεος
953 235 1206 309 Ἀργείου
1231 235 1418 308 λαβὼν
1672 248 1753 290 275

289 327 605 399 πάγχαλκον
630 321 830 395 αἰχμὴν
854 327 1039 392 δεῦρο.
1066 328 1255 392 μυρίοι
1280 324 1345 377 δέ
1373 343 1440 391 με

288 415 553 483 μένουσιν
577 408 907 479 ἆσπιστῆρες
929 403 1268 477 Εὐρυσθεύς
1290 403 1341 460 τ’
1371 402 1503 470 ἅναξ

288 495 454 561 αὐτὸς
476 499 820 566 στρατηγῶν·
847 489 1125 546 Ἀλκάθου
1155 495 1187 545 δ
1194 489 1206 508 ’
1236 488 1311 546 ἐπ’
1344 489 1584 560 ἐσχάτοις

289 585 617 651 καραδοκῶν
643 575 917 633 τάνθένδε
941 578 1202 647 τέρμασιν
1226 577 1393 646 μένει.

289 663 534 736 λαμπρὸς
563 661 613 718 δ’
644 660 884 726 ακούσας
907 659 1012 731 σὴν
1035 657 1205 731 ὕβριν
1230 659 1530 730 φανήσεται
1675 670 1757 712 280

292 752 380 806 σοι
402 751 495 804 καὶ
525 753 771 811 πολίταις
798 751 868 818 γῇ
893 768 951 800 τε
974 748 1106 817 τῇδε
1130 745 1222 798 καὶ
1249 757 1467 815 φυτοῖς·

289 857 465 906 ματην
489 856 593 904 γαρ
619 829 762 903 ἥβην
789 822 901 885 ῶδέ
924 827 979 902 γ’
1009 852 1077 883 αν
1101 829 1422 902 κεκτῴμεθα

291 918 501 988 πολλὴν
525 921 585 972 ἐν
597 914 815 987 ”Αργει,
842 915 915 985 μή
939 933 1001 970 σε
1022 936 1442 985 τιμωρουμενοι.

291 1009 534 1075 φθείρου
551 1021 561 1031 ·
589 1000 649 1056 τὸ
674 999 776 1056 σὸν
801 996 945 1070 γὰρ”
932 1007 1115 1070 Αργος
1140 995 1208 1053 οὐ
1234 993 1441 1052 δέδοικ’
1471 995 1592 1066 ἐγώ.

292 1089 525 1144 ἐνθένδε
552 1083 604 1141 δ’
634 1082 737 1141 οὐκ
764 1090 982 1155 ἔμελλες
1007 1083 1268 1153 αἰσχύνας
1293 1082 1385 1152 ἐμὲ
1679 1093 1759 1136 ’285

292 1170 443 1239 ἄξειν
467 1177 562 1245 βίᾳ
593 1166 804 1226 τούσδ’·
837 1166 904 1224 οὐ
929 1167 1033 1240 γὰρ
1059 1165 1322 1238 Ἀργείων
1346 1165 1501 1222 πόλει

293 1255 543 1328 ὑπήκοον
569 1252 725 1326 τήνδ’
754 1252 875 1309 ἀλλ’
904 1255 1211 1323 ἐλευθέραν
1235 1257 1354 1322 ἔχω.

289 1339 405 1412 ῶρα
429 1353 721 1412 προνοεῖν,
747 1341 880 1409 πρὶν
905 1335 1055 1409 ὅροις
1080 1337 1309 1392 πελάσαι

291 1424 526 1496 στρατὸν
547 1422 836 1495 Ἀργείων·

292 1512 434 1583 μαλα
458 1508 508 1565 δ’
540 1507 667 1576 ὀξυς
676 1507 844 1578 ’Ἀρης
873 1504 900 1563 ὅ
929 1511 1297 1577 Μυκηναίων,
1681 1516 1763 1559 290

295 1597 382 1652 ἐπὶ
406 1608 546 1651 τοῖσι
573 1595 633 1650 δε
657 1592 725 1664 δὴ
750 1599 962 1663 μᾶλλον
986 1590 1063 1646 ἐτ’
1090 1587 1125 1662 ἢ
1150 1596 1299 1659 πρίν.

295 1687 427 1736 πᾶσι
452 1702 557 1751 γαρ
584 1679 744 1742 οὗτος
771 1676 967 1748 κήρυξι
992 1676 1174 1746 νόμος,

296 1767 347 1821 δ
334 1789 379 1829 ις
402 1764 534 1820 τόσα
559 1768 817 1834 πυργοῦν
845 1767 957 1816 τῶν
981 1761 1341 1832 γιγνομένων.

295 1850 434 1906 πόσα
459 1872 552 1904 νιν
577 1851 753 1914 λέξειν
778 1851 1065 1918 βασιλεῦσι
1091 1850 1286 1921 δοκεῖς,

294 1932 367 1999 ῶς
396 1931 537 1990 δείν’
567 1939 780 1988 ἔπαθεν
803 1932 896 1987 καὶ
920 1929 1068 2001 παρὰ
1092 1929 1292 2000 μικρὸν
1684 1939 1764 1981 295

296 2017 481 2090 ψυχὴν
504 2010 681 2089 ἦλθεν
705 2021 1049 2081 διακναῖσαι;

297 2101 400 2160 οὐκ
426 2109 538 2158 ἔστι
565 2106 731 2158 τοῦδε
755 2103 909 2156 παισὶ
933 2100 1161 2155 κάλλιον
1183 2099 1346 2169 γέρας

298 2185 333 2260 ἢ
357 2187 562 2258 πατρὸς
585 2190 792 2242 ἐσθλοῦ
817 2182 1073 2256 κάγαθοῦ
1098 2184 1407 2254 πεφυκέναι

298 2284 495 2345 γαμεῖν
523 2270 573 2326 τ’
603 2268 697 2326 ἀπ’
729 2273 976 2326 ἐσθλῶν·
1005 2265 1064 2334 ὃς
1095 2269 1156 2323 δὲ
1178 2268 1431 2337 νικηθεὶς
1455 2265 1616 2337 πόθῳ

301 2369 492 2421 κακοῖς
517 2355 912 2426 ἐκοινώνησεν,
940 2351 1043 2409 οὐκ
1070 2353 1357 2420 ἐπαινέσω,
1682 2364 1767 2405 300

301 2442 514 2506 τέκνοις
539 2438 757 2504 ὄνειδος
800 2437 964 2511 εἵνεχ’
995 2436 1197 2509 ἡδονῆς
1221 2443 1419 2490 λιπεῖν.

302 2524 362 2581 τὸ
390 2525 655 2596 δυστυχὲς
678 2524 782 2596 γὰρ
807 2520 1052 2595 ηὑγένει’
1083 2519 1348 2592 ἀμύνεται

304 2617 398 2681 τῆς
423 2615 748 2681 δυσγενείας
772 2614 1007 2680 μᾶλλον·
1034 2604 1188 2678 ἡμεῖς
1212 2603 1317 2677 γὰρ
1342 2610 1528 2659 κακῶν

307 2700 383 2761 εἰς
407 2692 707 2765 τοῦσχατον
733 2692 993 2757 πεσόντες
1010 2688 1255 2763 ηὕρομεν
1279 2695 1478 2760 φίλους

306 2780 398 2834 καὶ
422 2781 704 2850 ξυγγενεῖς
727 2774 941 2846 τούσδ’,
968 2784 1024 2832 οἳ
1043 2771 1266 2847 τοσῆσδ’
1294 2775 1619 2844 οἰκουμένης
1686 2784 1768 2827 305

298 2861 609 2934 Ἑλληνίδος
632 2868 730 2933 γῆς
754 2866 930 2916 τῶνδε
954 2860 1307 2931 προύστησαν
1330 2858 1507 2929 μόνοι.
