2022 3126
215 109 410 152 XXVIII
678 108 759 149 DE
789 107 1096 150 EVRIPIDIS
1126 107 1380 150 INGENIO

320 234 594 296 Elegiacam
632 249 824 299 quoque
873 241 921 282 et
956 233 1179 283 melicam
1226 235 1394 296 poesin
1434 233 1691 299 Euripides
1737 234 1843 283 atti«

217 307 309 367 git:
350 303 501 352 exiles
538 303 682 353 huius
720 304 916 366 generis
953 302 1185 368 reliquias
1224 303 1374 352 habes
1411 306 1459 352 in
1498 304 1694 367 Bergkii
1731 304 1841 368 Lyr.

217 374 292 423 ed.
332 372 414 423 alt.
452 389 500 438 p.
539 375 638 421 471
679 387 749 437 sq.
817 386 940 434 quae
987 387 1100 420 vero
1137 372 1425 435 Euripideae
1470 375 1695 422 feruntur
1743 376 1841 438 epi-

216 442 382 501 stolae,
422 458 504 492 eas
540 441 600 491 ab
636 444 903 506 impostore
938 441 1074 489 fictas
1102 457 1208 490 esse
1246 448 1358 504 post
1391 442 1598 491 Bentleii
1632 443 1841 507 disputa-

217 515 398 562 tionem
439 513 849 575 (Abhandlunqen
895 510 1014 558 seber
1060 511 1139 559 die
1176 511 1352 571 Briefe
1397 512 1482 560 des
1516 514 1752 562 Phalaris
1796 528 1843 576 p.

219 584 511 632 557—574
559 581 632 629 ed.
673 578 928 643 Ribbeck.)
979 594 1122 628 nemo
1170 594 1315 628 sanus
1365 580 1574 644 amplius
1628 582 1843 645 negabit:

217 659 381 702 utrum
430 650 623 699 Sabirio
670 647 950 712 Pollioni45)
999 663 1060 696 an
1110 647 1190 697 alii
1243 648 1535 699 tribuendae
1581 651 1698 708 sint,
1748 667 1845 701 non

219 728 423 771 constat.

324 791 558 853 Sequitur
595 795 648 838 ut
685 788 744 838 de
781 789 978 852 ingenio
1017 795 1065 837 et
1100 796 1205 838 arte
1243 789 1488 854 Euripidis
1526 805 1680 854 pauca
1717 791 1846 840 dica-

218 875 339 911 muS.
393 874 516 924 quae
553 858 740 907 lubrica
779 866 854 907 est
890 860 1091 907 materia
1129 861 1179 909 in
1219 859 1554 909 diversissimis
1592 860 1848 909 doctorum

219 939 267 979 et
294 929 586 992 elegantium
614 927 865 977 hominum
892 928 1102 983 iudiciis,
1132 936 1276 993 atque
1304 938 1448 992 auget
1473 932 1549 979 rei
1576 929 1848 979 molestiam

219 1000 340 1050 illud
379 999 510 1064 quod
549 998 745 1047 brevem
787 1005 835 1047 et
871 1001 1114 1047 concisam
1153 999 1533 1062 disputationem
1570 1000 1849 1049 sectandam

219 1070 341 1120 mihi
376 1068 533 1124 video,
576 1083 668 1131 qua
706 1066 828 1116 nihil
864 1069 960 1116 nisi
995 1069 1191 1132 fastigia
1227 1085 1393 1118 rerum
1433 1068 1577 1119 liceat
1613 1072 1848 1133 perstrin-

222 1155 352 1203 gere.
429 1137 581 1186 nihilo
629 1138 790 1187 minus
835 1137 1144 1187 subeundum
1193 1138 1306 1186 duxi
1357 1138 1600 1194 laborem,
1651 1154 1750 1189 non
1797 1147 1851 1189 ut

220 1210 480 1272 imaginem
518 1207 812 1272 Euripideae
849 1223 1054 1272 poeseos
1093 1210 1440 1272 exprimerem,
1489 1209 1573 1258 sed
1611 1216 1663 1257 ut
1698 1209 1849 1258 linea-

221 1286 384 1329 menta
438 1277 675 1343 quaedam
737 1277 1097 1328 adumbrarem.
1171 1277 1473 1327 laudatorem
1535 1285 1707 1342 poetae
1768 1287 1851 1328 aut

221 1352 601 1414 vituperatorem
641 1361 785 1410 agere
823 1347 1040 1396 alienum
1069 1347 1323 1397 videbatur
1361 1348 1420 1397 ab
1458 1348 1604 1397 huius
1636 1349 1849 1413 disputa-

221 1420 370 1468 tionis
419 1417 647 1466 consilio:
695 1418 850 1480 magis
897 1418 1041 1465 etiam
1079 1433 1105 1466 a
1151 1418 1402 1481 proposito
1441 1417 1770 1475 aberrassem,
1808 1422 1850 1468 si

224 1504 308 1538 eos
346 1489 428 1552 qui
466 1485 616 1536 altera
643 1493 751 1535 utra
788 1492 927 1551 parte
954 1485 1272 1551 deliquissent
1307 1489 1595 1552 impugnare
1619 1497 1850 1553 temptas-

223 1574 324 1607 sem
364 1565 412 1606 et
446 1555 689 1606 refellere.

330 1627 591 1691 Nunquam
641 1626 901 1691 Euripides
945 1626 1158 1676 civilium
1206 1642 1370 1676 rerum
1408 1627 1637 1678 fluetibus
1675 1644 1726 1678 se
1763 1630 1851 1678 im-

223 1699 408 1752 mersit,
448 1696 535 1745 sed
571 1703 788 1745 remotus
826 1712 851 1745 a
889 1699 1097 1760 strepitu
1144 1697 1327 1746 forensi
1363 1699 1489 1746 intra
1536 1699 1747 1762 parietes
1784 1700 1851 1746 vi-

223 1776 323 1817 tam
361 1767 494 1830 degit
530 1768 630 1816 otio
658 1766 942 1821 dedicatam,
981 1765 1315 1830 philosophiae
1355 1774 1403 1816 et
1440 1782 1645 1831 poeseos
1681 1768 1854 1817 studiis

223 1840 477 1887 intentam.
551 1835 680 1901 quod
719 1835 979 1885 umbratile
1016 1837 1139 1885 vitae
1187 1850 1340 1899 genus
1372 1843 1426 1885 ut
1463 1852 1487 1885 a
1527 1840 1711 1886 nostris
1750 1854 1853 1886 mo-

224 1906 363 1956 ribus
391 1912 439 1956 et
463 1905 633 1955 studiis
659 1907 859 1955 minime
886 1905 1132 1962 abhorret,
1171 1907 1236 1954 ita
1263 1905 1507 1954 veteribus
1532 1908 1665 1956 iners
1701 1910 1854 1956 visum

228 1984 302 2026 est
337 1984 386 2027 et
420 1974 728 2039 probrosum.
805 1973 935 2025 nulla
984 1983 1145 2024 tamen
1183 1991 1236 2024 re
1274 1975 1448 2026 adduci
1492 1980 1650 2040 potuit
1695 1985 1853 2042 poeta,

227 2054 280 2096 ut
317 2047 575 2095 stationem
611 2053 745 2094 certo
783 2045 984 2094 consilio
1034 2045 1268 2094 delectam
1307 2045 1559 2095 desereret
1607 2054 1652 2095 et
1690 2063 1714 2095 a
1751 2048 1853 2097 Mu·

227 2131 391 2166 sarum
430 2116 804 2181 Gratiarumque
842 2117 1136 2165 commercio
1176 2113 1574 2179 divellereturffi).
1648 2117 1856 2166 laudavit

341 2283 416 2334 45)
447 2284 556 2323 Vita
586 2283 715 2323 Arati
737 2282 807 2325 ed
830 2283 977 2323 West.
1011 2295 1053 2334 p.
1075 2282 1129 2322 55
1150 2294 1234 2346 sq..
1269 2276 1349 2329 τὰς
1382 2275 1429 2322 δ’
1456 2274 1646 2345 Ἀροῖτου
1677 2276 1856 2324 ἐπιστο-

229 2332 313 2407 ξας
334 2361 385 2367 -
415 2331 577 2407 μόνος
583 2331 926 2391 Ἀπολλωνίδης
956 2331 979 2379 ὁ
1005 2332 1218 2385 Νικαεὺς
1249 2332 1294 2403 (ὁ
1318 2332 1555 2406 Κηνφευς9
1546 2343 1654 2380 ante
1669 2340 1854 2405 Bentl.)

230 2390 279 2436 ἐν
309 2393 372 2449 τῷ
402 2388 448 2457 η’
476 2391 582 2457 περὶ
603 2393 989 2446 κατεψευσμένης
1013 2389 1218 2447 ἱστορίας
1240 2387 1326 2435 οὐκ
1350 2406 1474 2435 ειναι
1496 2387 1644 2442 αὐτὰς
1669 2388 1858 2447 ’Λροὶτου

229 2453 409 2520 φησιν,
421 2442 543 2491 ἀλλὰ
573 2449 808 2515 Σαβιρίου
829 2449 1120 2515 ΠρλλιΜωνος
1152 2449 1235 2491 τοῦ
1268 2444 1316 2490 δ’
1348 2442 1494 2491 αυτοῦ
1519 2445 1689 2491 τούτου
1711 2448 1859 2503 φησὶν

231 2501 355 2548 εἶναι
389 2499 793 2571 ἐπιγεγραμμένας
816 2499 1084 2555 Ευριπίὸου
1115 2499 1375 2553 ἐπιστολάς.
1425 2518 1500 2546 sus
1536 2511 1681 2548 ectum
1711 2508 1758 2546 in
1788 2507 1859 2547 his

229 2560 488 2615 Σαβιρίουι
524 2562 652 2602 cuius
673 2561 770 2602 loco
793 2560 1030 2615 Σαβιὸίου
1053 2563 1197 2602 suasit
1219 2561 1472 2612 Bentleius‚
1507 2561 1698 2602 Ασινίου
1722 2563 1860 2615 Berg-

230 2618 349 2665 kius,
381 2615 617 2670 Σαβινίου
648 2616 721 2657 vel
753 2615 986 2684 Γαβινίου
1016 2618 1092 2659 vel
1116 2611 1357 2679 Ραβιρίου
1388 2619 1774 2658 Westermannus.

339 2670 417 2726 46)
449 2673 584 2713 Herc
624 2673 674 2712 F.
719 2675 819 2714 673:
867 2668 923 2713 οὐ
967 2667 1213 2726 παύσομαι
1257 2686 1342 2721 τας
1387 2667 1596 2723 Χάριτας
1640 2666 1859 2722 Μούσαις

230 2722 627 2782 συγκαταμιγνύς,
659 2721 862 2769 αὸίσταν
894 2727 1133 2783 συζυγίαν.
1192 2732 1244 2769 ut
1273 2729 1358 2768 hoc
1389 2728 1488 2769 loeo
1519 2729 1586 2769 ita
1615 2728 1727 2769 alibi
1759 2742 1861 2770 sae·

230 2786 414 2838 pissime
445 2786 516 2824 sui
554 2784 693 2824 animi
723 2785 997 2825 sententiam
1035 2788 1172 2837 poeta
1215 2786 1387 2836 aperit,
1427 2784 1544 2837 quod
1574 2784 1710 2825 semel
1747 2784 1861 2825 indi-

231 2853 364 2881 casse
396 2838 609 2881 sufficiet.
668 2841 723 2879 de
753 2841 881 2880 vitae
919 2840 1131 2892 publicae
1172 2841 1387 2904 perieulis
1419 2845 1464 2880 et
1500 2840 1582 2880 otii
1613 2841 1861 2881 securitate

232 2897 292 2937 cf.
315 2897 412 2938 Ion.
436 2897 540 2937 595;
569 2885 631 2949 ἦν
663 2888 711 2937 δ’
746 2892 812 2943 εἰς
842 2888 893 2936 τὸ
925 2894 1107 2949 πρῶτον
1129 2897 1298 2944 πολεος
1319 2890 1553 2950 ὁρμηθεὶς
1575 2890 1715 2950 ζυγὸν
1745 2895 1862 2951 ζητῶ
