2022 3126
219 79 313 135 120

207 1244 297 1293 AI.

198 1756 311 1805 ΠΕ.

194 2181 289 2229 ΔΙ.

192 2351 304 2399 ΠΕ.

188 2520 285 2569 ΔΙ.

192 2731 303 2822 ΠΕ.

898 90 1169 137 ΒΑΚΧΑΙ

402 223 434 281 ὅ
456 250 507 282 τι
533 227 705 283 καλὸν
730 235 896 299 φίλον
929 228 1028 285 ἀεί.

402 310 682 383 εὐδαίμων
706 313 807 384 μὲν
831 310 889 378 ὂς
914 318 971 369 ἐκ
1000 308 1282 381 θαλάσσας

401 402 576 466 ἔφυγε
599 410 784 467 χεῖμα·3
812 401 1004 470 λιμένα
1029 397 1082 454 δ’
1115 406 1320 470 ἔκιχεν·

401 479 682 551 εὐδαίμων
713 479 762 536 δ’
793 480 851 547 ὃς
876 481 1092 552 ὕπερθε
1117 483 1343 556 μόχθων

400 563 636 635 ἐγένεθ’·
664 569 822 637 ἕτερα
848 566 898 623 δ’
930 571 1113 640 ἕτερος
1139 572 1329 640 ἕτερον

397 647 543 723 ὄλβῳ
570 653 662 705 καὶ
687 653 921 724 δυνάμει
946 659 1251 723 παρῆλθεν.

395 741 590 805 μυρίαι
616 737 676 791 δὲ
699 744 981 807 μυριόισιν

398 817 462 874 ἔτ’
496 817 598 875 εἴσ’
630 824 871 886 ἐλπίδες·
900 815 955 877 αἳ
980 823 1081 893 μὲν

395 911 724 960 τελευτῶσιν
748 910 808 961 ἐν
831 904 977 982 ὅλβω

393 995 635 1059 βροτοῖς,
663 990 717 1046 αἳ
744 989 796 1047 δ’
827 989 1133 1064 ἀπέβησαν·

393 1072 452 1128 τὸ
479 1074 540 1129 δὲ
566 1073 675 1129 κατ’
705 1068 849 1147 ἦμαρ
877 1074 984 1151 ὅτῳ
1009 1083 1188 1147 βίοτος

393 1156 701 1230 εὐδαίμων,
729 1169 1021 1233 μακαρίζω.

389 1245 450 1299 σε
474 1241 572 1298 τὸν
595 1245 894 1316 πρόθυμον
919 1243 1048 1301 ὄνθ’
1079 1243 1113 1300 ᾶ
1141 1246 1213 1317 μὴ
1238 1246 1418 1318 χρεων
1443 1246 1581 1320 ὁρᾶν

388 1329 700 1384 σπεύδοντά
723 1327 762 1384 τ’
791 1328 1174 1400 ἀσπούδαστα,
1199 1334 1428 1387 Πενθέα
1453 1336 1614 1404 λέγω,

389 1415 532 1479 ἔξιθι
555 1414 795 1484 πάροιθε
821 1420 853 1470 δ
859 1416 1106 1486 ωμάτων.
1133 1413 1350 1487 ὄφθητί
1367 1441 1458 1488 μοι

390 1497 598 1568 σκευὴν
622 1499 886 1569 γυναικὸς
910 1501 1174 1571 μαινάδος
1201 1501 1415 1573 Βάκχης
1441 1509 1605 1574 ἔχων,

385 1584 587 1653 μητρός
618 1608 676 1640 τε
701 1591 794 1655 τῆς
819 1591 916 1655 σῆς
939 1587 1031 1641 καὶ
1055 1586 1221 1656 λόχου
1245 1587 1613 1653 κατάσκοπος·

385 1670 608 1738 πρέπεις
633 1670 694 1725 δὲ
718 1670 952 1742 Κάδμου
977 1672 1310 1742 θυγατέρων
1334 1671 1557 1744 μορφὴν
1580 1681 1693 1747 μιᾷ.

382 1755 473 1807 καὶ
498 1753 608 1823 μὴν
633 1752 770 1824 ὁρᾶν
793 1779 885 1826 μοι
910 1756 1011 1812 δύο
1037 1757 1137 1827 μὲν
1162 1754 1352 1827 ἡλίους
1378 1763 1550 1829 δοκῶ,

385 1837 575 1903 δισσὰς
600 1839 660 1894 δὲ
686 1840 873 1911 Θήβας
898 1843 990 1896 καὶ
1014 1839 1226 1912 πόλισμ’
1256 1842 1616 1913 ἑπτάστομον·

384 1924 474 1977 καὶ
501 1929 703 1992 ταῦρος
729 1922 861 1995 ἡμῖν
886 1926 1137 1995 πρόσθεν
1161 1924 1420 1996 ἡγεῖσθαι
1445 1932 1626 1994 δοκεῖς

383 2010 475 2062 καὶ
499 2013 576 2082 σῷ
604 2011 806 2079 κέρατα
829 2013 988 2081 κρατὶ
1013 2013 1486 2082 προσπεφυκέναι.

381 2090 493 2147 ἀλλ’
524 2087 558 2163 ἧ
583 2091 694 2148 ποτ’
726 2087 874 2164 ἦσθα
897 2095 1040 2166 θήρ;
1067 2096 1409 2166 τεταύρωσαι
1433 2095 1536 2168 γὰρ
1565 2091 1685 2153 οὖν.

379 2174 407 2231 ὁ
441 2176 573 2243 θεὸς
599 2176 852 2249 ὁμαρτεῖ,
881 2180 1129 2250 πρόσθεν
1157 2176 1236 2235 ὢν
1261 2178 1363 2236 οὐκ
1391 2179 1640 2253 εὐμενής,

382 2267 682 2328 ἔνσπονδος
706 2262 862 2335 ἡμῖν·
898 2271 1005 2319 νῦν
1030 2262 1081 2320 δ’
1113 2262 1244 2338 ὁρᾷς
1270 2262 1304 2320 ὁὶ
1326 2266 1429 2336 χρή
1453 2264 1502 2321 σ’
1532 2264 1686 2338 ὁρᾶν.

376 2354 433 2401 τί
453 2354 720 2419 φαίνομαι
745 2346 856 2419 δῆτ’
877 2376 889 2415 ;
914 2347 1039 2420 οὐχὶ
1062 2348 1163 2419 τὴν
1181 2347 1349 2415 Ἰνοῦς
1372 2351 1563 2407 στάσιν

381 2427 415 2501 ἦ
440 2432 539 2502 τὴν
558 2431 792 2505 Ἀγαύης
817 2434 1037 2489 ἑστάναι
1061 2435 1262 2505 μητρός
1288 2433 1334 2506 γ’
1361 2439 1517 2506 ἐμῆς;

377 2513 546 2581 αὐτᾶς
573 2522 786 2584 ἐκείνας
813 2525 1033 2589 εἰσορᾶν
1058 2524 1204 2575 δοκῶ
1236 2517 1287 2576 σ’
1317 2517 1481 2591 ὁρῶν.

377 2597 489 2655 ἀλλ’
520 2605 570 2668 ἐξ
602 2606 762 2673 ἕδρας
787 2623 874 2660 σοι
899 2605 1176 2675 πλόκαμος
1201 2603 1427 2676 ἐξέστηχ’
1455 2603 1567 2677 ὅδε,

376 2682 477 2755 οὐχ
503 2684 573 2751 ὡς
598 2688 704 2756 ἐγώ
726 2713 819 2744 νιν
840 2687 949 2744 ὑπὸ
978 2694 1143 2762 μίτρα
1168 2688 1512 2760 καθήρμοσα.

371 2775 534 2825 ἔνδον
558 2780 835 2840 προσείων
859 2771 1032 2830 αὐτὸν
1055 2772 1330 2830 ἀνασείων
1353 2773 1392 2829 τ’
1421 2775 1527 2846 ἐγώ

374 2857 467 2909 καὶ
490 2858 798 2926 βακχιάζων
830 2861 881 2925 ἐξ
910 2862 1072 2927 ἕδρας
1100 2859 1443 2926 μεθώρμισα.

1785 587 1867 632 905

1779 1096 1861 1140 910

1772 1519 1856 1563 915

1767 1943 1852 1988 920

1762 2368 1845 2410 925

1754 2789 1839 2835 930
