2022 3126
814 98 1068 146 EAENH
1672 95 1771 145 203

128 244 233 293 EA.
316 242 372 293 οἲ
393 235 519 308 ’γω’·
551 243 632 301 τίς
654 233 812 307 ἡμῶν
840 234 1046 306 ἐγένετ’
1076 234 1411 307 ἆθλιωτέρα;

309 326 367 376 οῖ’
386 327 636 392 φίλτατοι
659 325 919 375 λείπουσί
939 316 996 390 μ’
1025 317 1150 375 οὐδ’
1180 319 1439 393 ἀφίξομαι
1691 336 1772 379 595

297 402 561 476 Ἕλληνας
584 401 717 460 οὐδὲ
740 408 975 474 πατρίδα
999 402 1099 473 τὴν
1125 406 1257 475 ε’μήν
1281 428 1425 462 ποτε.

122 495 279 545 ΑΓΓ.
305 492 586 558 Μενέλαε,
612 488 899 558 μαστεύων
923 505 983 542 σε
1008 489 1248 558 κιγχάνω
1273 490 1428 560 μόλις

309 581 489 629 πᾶσαν
514 574 816 643 πλανηθεὶς
838 572 1004 642 τήνδε
1027 572 1309 644 βάρβαρον
1330 573 1525 644 χθόνα,

310 659 587 729 πεμφθεὶς
611 659 845 727 ἑταίρων
868 662 980 710 τῶν
1003 658 1372 728 λελειμμένων
1397 654 1524 713 ὕπο.

125 749 250 800 ΜΕ.
309 748 366 797 τί
386 738 439 797 δ’
469 748 643 806 ἔστιν;
662 738 728 796 ού
751 763 858 796 που
884 739 1182 812 βαρβάρων
1211 740 1440 797 συλᾶσθ’
1471 739 1607 807 ὕπο;
1692 755 1774 799 600

121 832 278 881 ΑΓΓ.
305 823 483 896 θαῦμ’
514 823 645 895 ἔστ’,
674 830 904 880 ἔλασσον
928 821 1151 896 τοῦνομ’
1181 821 1214 895 ἢ
1240 824 1298 880 τὸ
1326 823 1522 897 πρᾶγμ’
1552 832 1690 896 ἔχον.

123 917 249 965 ΜΕ.
313 907 450 980 λέγ’,
478 907 550 974 ὡς
578 911 765 980 φέρεις
789 931 839 963 τι
864 913 996 980 τῇδε
1019 914 1084 981 τῇ
1109 914 1324 981 σπουδῇ
1348 912 1491 964 νέον.

120 1000 278 1050 ΑΓΓ.
307 997 447 1065 λέγω
475 994 680 1058 πόνους
705 1013 766 1048 σε
788 999 1023 1064 μυρίους
1048 999 1241 1064 τλῆναι
1267 993 1457 1064 μα’την.

127 1085 247 1133 ΜΕ.
307 1077 510 1133 παλαιὰ
532 1070 761 1149 θρηνεῖς
789 1073 991 1148 πήματ’
1012 1095 1023 1106 ·
1053 1074 1332 1148 ἀγγέλλεις
1358 1078 1418 1133 δὲ
1443 1084 1499 1133 τί
1507 1103 1519 1143 ;

124 1168 279 1219 ΑΓΓ.
305 1165 541 1234 βέβηκεν
569 1160 762 1233 αλοχος
789 1160 855 1232 σὴ
887 1160 1024 1231 πρὸς
1055 1164 1277 1233 αἰθέρος
1305 1185 1511 1233 πτύχας
1693 1176 1773 1221 605

309 1244 528 1318 ἆρθεῖσ’
557 1244 823 1318 ἄφαντος·
852 1244 1073 1321 οὐρανῷ
1100 1247 1160 1301 δε
1184 1246 1481 1318 κρύπτεται

308 1329 519 1387 λιποῦσ’
549 1330 780 1402 ε’ρεμνὸν
805 1353 1007 1401 αντρον
1034 1323 1102 1385 ού
1127 1328 1214 1402 σφ’
1243 1332 1526 1402 ἐσωζομεν,

308 1416 536 1472 τοσόνδε
562 1413 738 1482 λέξασ’
757 1435 767 1443 ·
797 1439 837 1470 ω
831 1421 1200 1521 ταλαίπωροι
1225 1415 1443 1487 Φρύγες

958 1496 1200 1523 22222

311 1581 561 1640 ἀκταῖσιν
577 1581 748 1655 “”Ηρας
771 1597 1036 1655 μηχαναῖς
1061 1584 1377 1655 ἐθνῄσκετε,
1695 1597 1778 1642 610

313 1674 608 1733 δοκοῦντες
626 1667 848 1740 Ἑλένην
873 1666 976 1723 οὐκ
1013 1666 1186 1738 ἔχοντ’
1216 1675 1360 1738 ἔχειν
1382 1669 1581 1741 Πάριν.

313 1752 418 1824 ἐγω
447 1751 498 1808 δ’
528 1752 714 1824 ἐπειδὴ
739 1753 941 1824 χρόνον
968 1750 1137 1822 ἔμειν’
1172 1749 1304 1808 ὅσον
1328 1751 1385 1824 μ’
1417 1757 1598 1826 ἐχρῆν,

309 1836 367 1893 τὸ
396 1837 665 1909 μόρσιμον
689 1837 938 1906 σώσασα,
983 1837 1148 1891 πάλιν
1185 1840 1238 1901 ἐς
1264 1835 1507 1909 οὐρανὸν

311 1940 522 1993 απειμι·
554 1921 741 2021 φήμας
762 1918 813 1976 δ’
841 1944 874 1992 η
898 1921 1126 1976 τάλαινα
1157 1924 1432 1993 Τυνδαρις

312 2003 377 2060 αλ
382 2013 488 2070 λως
514 2005 681 2070 κακὰς
706 2003 945 2077 ἤκουσεν
971 2003 1138 2060 οὐδεν
1164 2011 1326 2061 αἰτία.
1549 2038 1552 2041 «
1696 2020 1777 2063 615

311 2113 351 2145 ω
376 2103 557 2161 χαῖρε,
582 2091 766 2161 Λήδας
790 2090 1064 2161 θύγατερ,
1095 2087 1290 2145 ἐνθάδ
1318 2082 1450 2161 ησθ’
1483 2115 1612 2163 αρα;

313 2174 418 2244 ἐγω
446 2178 511 2230 δέ
526 2173 577 2230 σ’
611 2193 827 2246 αστρων
854 2198 924 2239 ως
947 2181 1254 2246 βεβηκυῖαν
1277 2175 1483 2246 μυχοὺς

312 2255 580 2329 ἤγγελλον
611 2258 770 2324 εἰδώς
794 2257 962 2315 οὐδὲν
990 2256 1060 2324 ὡς
1083 2255 1398 2331 ὑπόπτερον

312 2345 475 2413 δέμας
502 2349 744 2415 φοροίης.
773 2341 876 2399 οὐκ
902 2347 971 2399 ἐῶ
997 2361 1058 2398 σε
1080 2357 1367 2415 κερτομεῖν

311 2424 448 2497 ἡμᾶς
471 2428 567 2483 τόδ
575 2425 587 2445 ’
617 2421 784 2492 αὖθις
800 2471 814 2498 ,
843 2425 914 2493 ὡς
939 2427 1113 2498 μα’την
1147 2429 1205 2482 ἐν
1230 2425 1372 2483 Ἰλίω
1697 2440 1777 2484 620

309 2511 514 2577 πόνους
537 2525 790 2584 παρεῖχες
813 2531 889 2568 σω
917 2512 1074 2568 πόσει
1098 2513 1190 2566 καὶ
1212 2512 1528 2583 συμμάχοις.

126 2601 250 2649 ΜΕ.
314 2592 463 2650 τοῦτ’
493 2594 604 2652 ἔστ’
634 2600 836 2652 ἐκεῖνο·
865 2600 1201 2668 ξυμβεβᾶσιν
1226 2600 1280 2651 οι
1303 2597 1458 2668 λόγοι

315 2702 366 2733 οι
392 2678 549 2749 τῆσδ’
584 2678 827 2753 ἀληθεῖς.
857 2705 897 2736 ω
923 2677 1185 2745 ποθεινὸς
1208 2677 1400 2754 ἡμέρα,

313 2760 349 2833 ἥ
371 2760 420 2817 σ’
451 2768 576 2828 εἰς’
551 2788 679 2836 εμας
704 2770 910 2820 ἔδωκεν
937 2763 1142 2828 ωλένας
1172 2771 1379 2836 λαβεῖν.

127 2854 235 2902 ΕΑ.
323 2869 363 2900 ω
392 2847 607 2918 φίλτατ’
639 2847 862 2920 ἄνδρων
884 2851 1208 2919 Μενέλεως,
1236 2846 1265 2904 ὁ
1290 2850 1391 2920 μὲν
1414 2848 1610 2921 χρόνος
1697 2860 1778 2905 62⁵
