2022 3126
800 93 1046 142 EAENH
1627 92 1728 143 215

268 230 301 290 ἅ
323 251 410 288 σοι
434 234 735 305 παρέλιπεν
758 229 857 302 ἥδε
883 238 994 287 τῶν
1018 233 1224 303 λόγων,
1252 233 1463 304 φράσω.

269 341 454 389 ορκοις
475 314 794 389 κεκλῄμεθ’,
823 313 895 380 ὡς
917 316 1125 388 μάθῃς,
1154 341 1194 372 ω
1221 319 1484 387 παρθένε,

269 408 488 471 πρῶτον
514 402 614 472 μὲν
638 404 826 455 ἐλθεῖν
852 399 942 455 δια
965 400 1135 470 μάχης
1159 408 1236 475 σῷ
1260 401 1544 476 συγγόνῳ·

266 483 522 541 κάκεῖνον
545 481 580 555 ἢ
603 482 688 555 ’μὲ
713 489 800 540 δεῖ
820 493 1045 539 θανεῖν·
1073 459 1278 549 ἆπλόῦς
1302 486 1479 556 λόγος.

268 567 338 640 ἢν
364 568 416 625 δ’
446 573 498 634 ἐς
521 570 621 640 μὲν
643 567 818 639 ἀλκὴν
842 572 914 639 μὴ
941 566 1066 623 πόδ’
1098 566 1299 641 άντιθῇ
1326 575 1470 639 ποδί,
1645 584 1729 628 980

265 661 403 729 λιμῷ
431 654 491 709 δὲ
514 659 665 726 θηρᾷ
688 653 899 724 τύμβον
925 653 1230 708 ἱκετεύοντε
1255 654 1353 723 νώ,

266 752 487 794 κτανεῖν
513 741 764 793 δέδοκται
786 733 943 809 τήνδ’
975 738 1090 805 ἐμοὶ
1117 736 1326 792 κᾶπειτ’
1359 739 1493 807 ε’μόν

268 822 404 893 πρὸς
425 816 571 894 ἧπαρ
596 815 732 877 ὦσαι
757 827 1015 892 δίστομον
1039 824 1194 892 ξίφος
1217 822 1342 878 τόδε

267 908 480 978 τύμβου
506 904 587 961 ’πὶ
611 906 806 971 νώτοις
829 903 1006 975 τοῦδ’,
1033 903 1106 959 ἵν’
1141 910 1363 977 αἵματος
1389 908 1510 975 ῥοαὶ

266 995 446 1063 τάφου
472 991 865 1057 καταστάζωσι·
896 991 1229 1060 κεισόμεσθα
1250 992 1310 1046 δὲ
1649 1006 1729 1048 985

266 1074 444 1146 νεκρω
472 1075 563 1131 δύ’
589 1079 705 1145 ἑξῆς
730 1072 860 1147 τῷδ’
891 1077 978 1130 ἐπὶ
1003 1077 1168 1148 ξεστῷ
1194 1075 1366 1148 τάφῳ,

268 1158 550 1216 ἀθάνατον
575 1158 739 1230 ἄλγος
763 1166 875 1230 σοι’,
901 1159 1072 1229 ψόγος
1097 1159 1158 1214 δὲ
1181 1166 1258 1233 σῷ
1284 1166 1463 1230 πατρί.

268 1243 334 1300 ού
361 1243 464 1316 γὰρ
489 1259 654 1316 γαμεῖ
673 1242 829 1314 τήνδ’
860 1241 987 1299 οὔτε
1013 1243 1282 1314 σύγγονος
1307 1247 1475 1299 σέθεν

267 1327 386 1384 οὔτ’
416 1327 575 1394 ἄλλος
598 1325 809 1392 οὐδείς·
845 1325 968 1383 ἀλλ’
998 1329 1104 1398 ἐγώ
1130 1326 1226 1398 σφ’
1257 1326 1542 1398 ἀπάξομαι,

270 1419 320 1469 εἰ
340 1413 412 1485 μὴ
443 1412 578 1484 πρὸς
603 1421 789 1476 οἴκους
813 1409 1113 1482 δυνάμεθ’,
1140 1410 1278 1467 ἄλλα
1302 1412 1438 1484 πρὸς
1460 1415 1708 1483 νεκρούς.

267 1505 324 1553 τί
343 1504 540 1562 ταῦτα;
567 1497 826 1566 δακρύοις
853 1502 928 1560 εἰς
954 1496 1013 1552 τὸ
1040 1503 1189 1567 θῆλυ
1214 1498 1548 1567 τρεπόμενος
1647 1512 1724 1554 991

269 1582 474 1646 ἐλεινὸς
498 1574 568 1653 ἦν
593 1578 661 1636 ἂν
683 1587 892 1651 μᾶλλον
916 1577 950 1651 ἢ
976 1581 1316 1653 δραστήριος.

267 1664 459 1737 κτεῖν’,
489 1672 538 1721 εἰ
559 1671 715 1721 δοκεῖ
734 1683 819 1719 σοι
836 1684 847 1693 ·
875 1669 1154 1729 δυσκλεῶς
1177 1663 1282 1737 γὰρ
1307 1664 1374 1721 οὐ
1399 1679 1631 1731 κτενεῖς·

267 1751 476 1822 μαλλόν
503 1773 565 1821 γε
589 1753 775 1821 μέντοι
801 1762 912 1812 τοῖς
937 1753 1082 1819 ἐμοῖς
1107 1756 1310 1805 πείθου
1335 1750 1535 1821 λόγοις,

269 1834 343 1890 ἵν’
375 1828 439 1907 ᾗς
464 1840 649 1890 δικαία
674 1835 765 1889 καὶ
790 1831 1021 1903 δάμαρτ’
1051 1833 1155 1904 ἐγώ
1187 1835 1353 1905 λάβω.
1651 1848 1733 1892 995

86 1927 196 1976 XO.
262 1923 321 1975 ἐν
343 1921 430 1975 σοὶ
454 1919 778 1991 βραβεύειν,
806 1910 848 1972 ὦ
872 1924 1055 1988 νεᾶνι,
1081 1917 1210 1982 τοὺς
1232 1919 1454 1990 λόγους·

269 2002 414 2059 οὕτω
441 2005 502 2061 δὲ
525 2018 719 2076 κρῖνον
744 1999 815 2066 ὡς
841 1998 1043 2057 ἅπασιν
1068 2000 1324 2075 ἁνδάνῃς.

83 2094 302 2145 ΘΕΟΝ.
331 2088 437 2160 ἐγώ
464 2087 687 2161 πέφυκά
710 2084 759 2142 τ’
793 2084 1044 2157 εὐσεβεῖν
1067 2089 1158 2142 καὶ
1183 2088 1482 2159 βούλομαι,

271 2180 414 2243 φιλῶ
439 2170 488 2228 τ’
518 2171 786 2244 ἐμαυτήν,
812 2173 904 2225 καὶ
927 2174 1083 2237 κλέος
1109 2170 1318 2243 τουμοῦ
1344 2171 1546 2240 πατρὸς

269 2255 371 2313 οὐκ
396 2281 466 2312 αν
469 2253 749 2360 μιάναιμ’,
775 2253 907 2310 οὐδε
930 2257 1187 2330 συγγόνῳ
1213 2257 1370 2328 χάριν
1625 2271 1747 2331 1000,

273 2339 482 2413 δοίην
458 2367 527 2398 αν
552 2345 604 2409 ἐξ
630 2342 692 2411 ῆς
718 2340 987 2411 δυσκλεὴς
1011 2341 1330 2412 φανήσεται.

275 2432 452 2482 ε’νεστι
476 2425 529 2482 δ’
560 2424 711 2498 ιερὸν
733 2430 827 2494 τῆς
851 2429 1006 2495 δίκης
1030 2427 1148 2495 ἐμοὶ
1171 2427 1308 2496 μέγα

278 2513 337 2566 ἐν
361 2517 426 2584 τῇ
451 2513 644 2584 φύσει·
671 2510 764 2565 καὶ
788 2515 951 2564 τοῦτο
973 2511 1207 2579 Νηρέως
1231 2510 1378 2579 πάρα

273 2601 471 2666 ἔχουσα
495 2596 686 2664 σώζειν
708 2595 1011 2648 Μενέλεων
1033 2595 1374 2665 πειράσομαι.

259 2676 405 2753 Ἥρᾳ
427 2678 498 2752 δ’,
538 2684 761 2753 ἐπείπερ
791 2681 1054 2752 βούλεταί
1082 2677 1136 2735 σ’
1171 2677 1502 2754 εὐεργετεῖν,
1624 2690 1734 2731 10⁰5

281 2770 356 2830 εἰς
378 2761 582 2821 ταύτὸν
607 2773 737 2821 οἴσω
761 2766 953 2832 ψῆφον
970 2779 980 2788 ·
1019 2757 1051 2830 ἡ
1075 2762 1293 2833 Κύπρις
1317 2758 1368 2818 δ’
1397 2763 1514 2834 ἐμοὶ
