2022 3126
476 100 813 147 ΗΡΑΚΔΗΣ
843 101 1343 149 ΜΑΙΝΟΜΕΝΟΣ

277 238 338 296 τὸ
363 246 618 296 λοίσθιον
642 239 703 294 δὲ
739 239 1011 309 Ταινάρου
1036 239 1127 295 διὰ
1151 239 1320 307 στόμα

282 323 463 395 βέβηκ’
493 327 547 389 ἐς
566 321 758 378 ’Ἅιδου
783 322 878 379 τὸν
903 321 1244 394 τρισώματον
1266 338 1409 380 κυνα

278 414 355 473 εἰς
382 414 501 480 φῶς
524 405 767 478 ἀνάξων,
793 413 961 463 ἔνθεν
987 405 1086 477 οὐχ
1109 405 1229 478 ἥκει
1253 407 1431 465 πάλιν.

277 494 457 564 γέρων
481 493 542 548 δὲ
565 492 632 563 δή
655 515 734 556 τις
760 497 871 547 ἔστι
893 495 1189 562 Καδμείων
1214 491 1373 563 λόγος

279 574 350 642 ὡς
372 577 444 647 ἠν
468 575 638 647 πάρος
660 582 874 648 Δίρκης
899 598 980 640 τις
1010 572 1256 647 εὐνάτωρ
1278 576 1459 642 Λύκος

276 659 378 731 τὴν
400 660 753 731 ἑπτάπυργον
775 660 940 767 τήνδε
964 664 998 715 δ
1001 653 1241 727 εσποζων
1271 660 1448 731 πόλιν,

282 767 355 799 τω
380 744 713 800 λευκοπώλω
738 746 872 815 πρὶν
895 749 1232 815 τυραννῆσαι
1260 744 1460 814 χθονὸς

271 826 514 900 Ἀμφίον’
542 826 641 899 ήδε
662 834 854 899 Ζῆθον
877 828 1084 899 ἐκγόνω
1107 827 1259 892 Διός.

280 936 347 968 ου
372 909 575 968 ταυτὸν
598 911 770 983 ὄνομα
794 925 921 977 παῖς
941 909 1149 1015 πατρὸς
1171 915 1516 983 κεκλημένος,

278 1002 553 1068 Καδμεῖος
577 1020 678 1052 ουκ
705 994 800 1067 ω’ν,
832 993 955 1051 ἀλλ’
987 993 1071 1052 ἀπ’
1098 993 1340 1068 Εὐβοίας
1369 998 1568 1068 μολών,

280 1087 483 1137 κτείνει
507 1083 757 1151 Κρέοντα
787 1083 880 1136 καὶ
902 1079 1120 1136 κτανών
1147 1078 1300 1151 ἄρχει
1323 1082 1541 1152 χθονός,

281 1165 466 1221 στάσει
487 1171 767 1221 νοσοῦσαν
790 1163 945 1236 τήνδ’
979 1163 1318 1220 ἐπεισπεσών
1344 1165 1519 1222 πόλιν.

280 1247 412 1322 ἡμῖν
436 1249 497 1305 δὲ
523 1254 689 1320 κῆδος
714 1256 789 1314 εἰς
811 1246 1033 1320 Κρέοντ’
1065 1247 1377 1320 ἀνημμένον

284 1333 457 1390 κακὸν
480 1336 752 1405 μέγιστον,
780 1331 851 1399 ὡς
876 1340 1035 1404 ἔοικε,
1062 1340 1322 1405 γίγνεται.

284 1416 495 1489 τούμοῦ
525 1418 629 1489 γὰρ
657 1415 812 1483 ὄντος
838 1417 1032 1482 παιδὸς
1058 1421 1118 1473 ἐν
1140 1431 1331 1489 μυχοῖς
1352 1416 1554 1488 χθονὸς

284 1500 312 1560 ὅ
338 1499 527 1565 καινὸς
563 1496 733 1569 οὗτος
757 1507 921 1573 τῆσδε
943 1508 1041 1573 γῆς
1066 1499 1250 1573 ἅρχων
1272 1502 1455 1566 Λύκος

285 1586 415 1653 τοὺς
432 1584 788 1658 Ἡρακλείους
811 1592 1008 1652 παῖδας
1034 1589 1235 1653 ἐξελεῖν
1257 1588 1413 1642 θέλει

285 1669 505 1728 κτανών
529 1671 777 1742 δάμαρτά
800 1668 883 1741 θ’,
914 1668 985 1736 ὥς
1010 1671 1164 1745 φόνῳ
1189 1672 1356 1743 σβέσῃ
1380 1670 1573 1742 φόνον,

285 1753 426 1827 κᾶμ’,
454 1764 509 1811 εἴ
526 1779 577 1810 τι
601 1754 668 1826 δὴ
692 1753 795 1826 χρὴ
819 1753 939 1827 κᾶμ’
969 1758 1028 1811 ἐν
1052 1753 1319 1827 ἀνδράσιν
1343 1756 1523 1825 λέγειν

285 1837 501 1912 γέροντ’
529 1837 764 1912 ἀχρεῖον,
791 1839 863 1911 μή
887 1836 1020 1896 ποθ’
1052 1837 1157 1895 οἵδ’
1185 1837 1529 1910 ἠνδρωμένοι

286 1924 566 1997 μήτρωσιν
590 1925 932 1994 ἐκπράξωσιν
955 1928 1178 1994 αἵματος
1203 1928 1381 1994 δίκην.

287 2008 393 2080 ἐγώ
421 2010 499 2079 δέ,
526 2015 702 2065 λείπει
726 2009 831 2080 γάρ
856 2031 922 2080 με
946 2005 1120 2064 τοῖσδ’
1149 2011 1208 2064 ἐν
1234 2008 1444 2079 δώμασι

285 2092 496 2165 τροφὸν
519 2095 729 2149 τέκνων
751 2093 1028 2164 οἰκουρόν,
1053 2089 1219 2163 ἡνίκα
1240 2091 1442 2164 χθονὸς

287 2180 552 2249 μέλαιναν
581 2175 799 2249 ὄρφνην
823 2180 1094 2249 εἰσέβαινε
1119 2190 1244 2242 παῖς
1269 2176 1410 2248 ἐμός,

286 2261 393 2330 σὺν
415 2268 595 2333 μητρί,
620 2265 783 2317 τέκνα
807 2260 878 2334 μὴ
903 2259 1114 2318 θάνωσ’
1136 2258 1481 2331 Ἡρακλέους,

287 2343 478 2417 βωμὸν
500 2352 709 2413 καθίζω
732 2347 893 2402 τόνδε
916 2352 1158 2417 σωτῆρος
1180 2345 1334 2416 Διός,

288 2427 354 2487 ὃν
377 2436 701 2486 καλλινίκου
725 2429 888 2502 δορὸς
914 2427 1102 2502 ἄγαλμ’
1133 2429 1393 2501 ἱδρύσατο

286 2514 514 2580 Μινύας
536 2514 809 2586 κρατήσας
832 2512 1000 2585 οὑμὸς
1026 2512 1256 2585 εὐγενὴς
1284 2513 1458 2579 τόκος.

288 2598 514 2654 πάντων
537 2599 598 2654 δὲ
620 2612 794 2671 χρεῖοι
816 2597 971 2655 τάσδ’
1003 2601 1166 2671 ἕδρας
1193 2598 1563 2670 φυλάσσομεν,

288 2689 457 2738 σίτων
480 2689 666 2739 ποτῶν
689 2686 936 2754 ἐσθῆτος,
962 2681 1220 2756 ἀστρώτῳ
1244 2684 1393 2757 πέδῳ

289 2765 530 2839 πλευρὰς
552 2770 823 2832 τιθέντες·
851 2771 910 2839 ἐκ
933 2765 1036 2838 γὰρ
1062 2768 1485 2838 ἐσφραγισμένοι

290 2850 475 2918 δόμων
497 2849 777 2919 καθήμεθ’
807 2849 1010 2924 ἀπορίᾳ
1033 2856 1317 2922 σωτηρίας.

1630 101 1728 151 325

1677 424 1730 465 25

1681 845 1734 887 30

1684 1265 1737 1308 35

1688 1684 1742 1726 40

1690 2106 1744 2147 45

1693 2529 1744 2569 50
