2022 3126
211 101 311 147 422
823 103 1247 152 ΙΠΠΟΛΥἼὈΣ

401 239 467 296 οὐ
491 241 565 312 μὴ
591 239 722 312 παρ’
752 239 894 316 ὄχλῳ
919 244 1048 299 τάδε
1070 245 1301 315 γηρύσει

401 331 597 396 μανίας
620 332 818 397 ἔποχον
843 329 1113 397 ῥίπτουσα
1137 329 1330 399 λόγους

213 418 360 466 ΦΑΙ.
398 413 639 482 πέμπετέ
658 409 714 482 μ’
745 417 821 476 εἰς
845 409 997 484 ὅρος·
1028 413 1135 484 εἶμι
1162 412 1298 485 πρὸς
1322 410 1465 469 ὕλαν

400 497 490 551 καὶ
515 495 663 566 παρὰ
687 497 922 568 πεύκας,
950 502 1040 553 ἵνα
1064 497 1380 570 θηροφόνοι

401 586 680 652 στείβουσι
704 581 869 647 κύνες

398 671 615 735 βαλιαῖς
640 666 866 738 ἐλάφοις
899 665 1386 738 ἐγχριμπτόμεναι·

400 749 536 820 πρὸς
558 757 739 822 θεῶν,
770 758 966 823 ἔραμαι
989 753 1118 807 κυσὶ
1141 749 1357 817 θωΰξαι

405 837 495 890 καὶ
520 835 668 907 παρὰ
691 843 885 907 χαίταν
910 834 1125 903 ξανθὰν
1149 838 1306 905 ῥῖψαι

403 920 685 976 Θεσσαλὸν
709 917 909 992 ορπακ’
917 964 931 992 ,
959 924 1251 991 ἐπίλογχον
1277 918 1460 991 ἔχουσ’

401 1008 461 1060 ἐν
485 1007 625 1108 χειρὶ
649 1007 822 1077 βέλος.

219 1097 315 1145 ΤΡ.
395 1096 452 1145 τί
472 1088 614 1160 ποτ’,
642 1092 683 1145 ὠ
709 1093 929 1160 τέκνον,
954 1091 1082 1145 τάδε
1107 1095 1415 1161 κηραίνεις;

401 1182 457 1230 τί
477 1182 826 1246 κυνηγεσίων
854 1177 947 1230 καὶ
975 1176 1062 1230 σοὶ
1084 1176 1305 1245 μελέτη;

401 1267 456 1315 τί
477 1259 537 1315 δὲ
561 1266 846 1331 κρηναίων
869 1265 1096 1330 νασμών
1120 1265 1340 1331 ἑρασαι·
1328 1302 1341 1325 ,

403 1367 549 1414 παρα
573 1368 676 1443 γαρ
704 1344 940 1416 δροσερὰ
968 1343 1202 1415 πύργοις
1226 1362 1459 1414 συνεχης

401 1429 614 1501 κλιτύς,
641 1426 779 1485 ὅθεν
809 1449 895 1485 σοι
920 1451 1081 1499 πωμα
1106 1426 1308 1499 γε”νοιτ
1340 1453 1425 1484 αν.

213 1522 362 1570 ΦΑΙ.
402 1513 648 1570 δέσποιν’
678 1511 856 1579 ἁλίας
857 1513 1067 1585 Ἀρτεμι
1091 1520 1302 1586 Λίμνας

398 1602 489 1655 καὶ
515 1605 837 1671 γυμνασίων
861 1605 972 1654 τῶν
998 1598 1363 1669 ίπποκρότων,

405 1694 525 1740 εἴθε
548 1691 816 1756 γενοίμαν
840 1687 899 1740 ἐν
923 1696 1037 1750 σοῖς
1062 1687 1336 1754 δαπέδοις,

404 1770 623 1834 πώλους
642 1768 854 1834 Ἐνέτας
879 1770 1297 1841 δαμαλιζομένα.

219 1862 318 1910 ΤΡ.
401 1862 458 1910 τί
477 1852 596 1910 τόδ’
627 1857 697 1909 αὐ
726 1877 1039 1926 παραφρων
1065 1860 1294 1960 ἔρριψας
1319 1859 1473 1918 ἔπος;

401 1946 509 1995 νῦν
536 1938 602 2010 δὴ
628 1963 730 2010 μεν
755 1963 884 2011 ορος
911 1935 1040 2011 βᾶσ’
1067 1940 1156 1994 ε’πι
1180 1938 1359 2010 θήρας

402 2023 582 2081 πόθον
608 2026 893 2094 ἐστέλλου,
924 2030 1033 2080 νῦν
1058 2020 1110 2078 δ’
1140 2024 1211 2078 αύ
1236 2021 1522 2093 ψαμάθοις

403 2106 487 2165 ἐπ’
517 2132 851 2179 ακυμαντοις
875 2109 1079 2164 πωλων
1109 2113 1316 2178 ερασαι.

404 2194 533 2249 τάδε
558 2200 816 2265 μαντείας
840 2191 961 2260 ἄξια
988 2198 1209 2262 πολλῆς,

404 2277 550 2344 ὅστις
574 2297 635 2334 σε
661 2284 815 2334 θεῶν
840 2276 1183 2349 ἆνασειράζει

402 2366 493 2419 καὶ
522 2363 859 2434 παρακόπτει
887 2365 1122 2435 φρένας,
1150 2354 1194 2416 ὦ
1219 2374 1330 2417 παῖ.

215 2456 362 2505 ΦΑΙ.
403 2448 673 2513 δύστανος
697 2449 832 2519 ἐγώ,
859 2454 916 2503 τί
936 2444 1056 2504 ποτ’
1088 2446 1455 2518 είργασάμαν;

405 2547 504 2589 ποῖ
525 2533 961 2605 παρεπλάγχθην
981 2531 1202 2604 γνώμας
1229 2528 1469 2602 ἆγαθᾶς;

403 2619 635 2689 ἐμανην,
664 2624 861 2674 ἔπεσον
886 2622 1145 2689 δαίμονος
1171 2613 1289 2689 ἄτᾳ.

404 2710 512 2775 φεῦ
539 2709 673 2774 φεῦ,
700 2701 935 2774 τλάμων.

404 2800 563 2859 μαῖα,
591 2788 755 2842 πάλιν
780 2811 887 2858 μου
913 2786 1130 2857 κρύψον
1155 2783 1433 2856 κεφαλάν·

406 2872 717 2943 αἰδούμεθα
741 2871 845 2943 γὰρ
875 2870 939 2926 τὰ
965 2872 1261 2941 λελεγμένα
1285 2892 1394 2939 μοι.

1789 431 1869 472 215

1790 1274 1874 1316 225

1795 2121 1874 2163 235

1794 2528 1898 2585 240'
