2022 3126
243 104 348 153 306

240 425 334 475 [Ο.

238 511 370 560 MA,

237 680 362 731 AH.

245 1275 370 1325 MA.

842 105 1283 152 ΗΡΑΚΛΕΙΔΑΙ

427 249 546 305 ἐπεὶ
570 253 786 319 σφαγῆς
811 269 873 317 γε
897 244 1033 315 πρὸς
1055 245 1115 301 τὸ
1143 243 1332 301 δεινὸν
1359 243 1465 317 εἶμ’
1493 245 1616 318 ἐγώ,

428 343 581 403 εἴπερ
608 334 831 404 πέφυκα
854 328 1058 402 πατρὸς
1083 323 1256 403 οὗπερ
1283 327 1525 402 εὔχομαι.

424 416 527 474 οὐκ
554 414 621 472 ἂν
647 422 925 487 δυναίμην
949 421 1025 490 σῷ
1051 417 1386 486 παρεστάναι
1409 416 1578 490 μόρῳ.

429 502 500 559 σύ
531 507 563 558 δ
572 500 584 519 '
617 500 755 557 ἀλλὰ
780 505 943 556 τοῦδε
966 506 1151 573 χρῇζε,
1177 500 1251 571 μή
1275 498 1333 572 μ’
1363 503 1422 556 ἐν
1449 498 1716 573 ἀρσένων,
1817 517 1899 561 565

427 585 539 643 ἀλλ’
568 589 627 643 ἐν
651 592 936 658 γυναικῶν
964 587 1154 656 χερσὶν
1182 588 1480 641 ἐκπνεῦσαι
1504 592 1647 657 βίον.

434 679 583 729 ἔσται
608 670 754 741 τάδ’,
782 664 826 726 ῶ
849 671 1078 726 τάλαινα
1105 672 1434 741 παρθένων·
1463 673 1582 726 ἐπεὶ

425 755 588 829 κάμοὶ
612 758 710 813 τόδ
718 755 730 774 ⁷
760 756 1012 828 αἰσχρόν,
1039 754 1111 826 μή
1136 774 1196 811 σε
1226 766 1553 828 κοσμεῖσθαι
1581 759 1785 823 καλῶς,

428 848 650 898 πολλῶν
675 845 850 911 ἕκατι,
878 847 971 912 τῆς
995 863 1052 896 τε
1078 847 1174 911 σῆς
1201 838 1469 911 εὐψυχίας

427 930 520 983 καὶ
548 934 647 983 τοῦ
675 932 896 982 δικαίου
913 945 923 954 ·
950 926 1391 997 τλημονεστάτην
1417 925 1478 980 δὲ
1502 925 1562 981 σὲ
1815 940 1899 984 570

427 1019 621 1068 πασῶν
645 1018 930 1084 γυναικῶν
957 1010 1107 1066 εἶδον
1131 1008 1443 1082 ὀφθαλμοῖς
1468 1010 1591 1081 ε’γῶ.

428 1094 548 1152 ἀλλ’
581 1106 703 1153 εἴτι
728 1097 920 1168 βούλει
946 1097 1145 1151 τούσδε
1170 1096 1267 1151 τὸν
1295 1096 1527 1167 γέροντά
1552 1119 1625 1165 τε,

426 1182 593 1253 χῶρει
620 1179 983 1252 προσειποῦσ’
1012 1178 1250 1236 ὕστατον
1275 1181 1647 1252 πρόσφθεγμα
1671 1182 1756 1253 δή.

431 1260 474 1322 a?
497 1281 680 1338 χαῖρε,
707 1268 948 1339 πρέσβυ,
980 1279 1134 1337 χαῖρε
1159 1269 1252 1321 καὶ
1277 1267 1506 1321 δίδασκέ
1527 1289 1618 1336 μοι

431 1353 684 1408 τοιούσδε
704 1352 904 1407 τούσδε
932 1355 1130 1416 παῖδας
1158 1357 1233 1416 εἰς
1257 1349 1316 1405 τὸ
1344 1357 1454 1405 πᾶν
1477 1351 1691 1421 σοφοὺς
1817 1364 1898 1407 575

430 1434 613 1507 ῶσπερ
642 1437 739 1507 σύ,
769 1438 942 1508 μηδὲν
965 1442 1201 1507 μᾶλλον·
1230 1433 1526 1507 ἀρκέσουσι
1552 1436 1674 1507 γάρ.

427 1528 599 1593 πειρῶ
626 1523 686 1578 δὲ
710 1528 883 1577 σῶσαι
909 1523 1000 1576 καὶ
1028 1530 1226 1577 θανεῖν
1257 1521 1543 1593 πρόθυμος
1576 1518 1678 1576 ῶν·

427 1609 513 1663 σοὶ
538 1610 728 1673 παῖδές
752 1610 938 1678 ἐσμεν·
967 1619 1093 1662 σαῖν
1116 1618 1303 1677 χεροῖν
1326 1605 1705 1675 τεθράμμεθα.

429 1689 560 1766 ὁρᾷς
587 1694 647 1748 δὲ
671 1690 810 1763 κάμὲ
834 1691 935 1763 τὴν
959 1690 1094 1762 ἐμὴν
1121 1688 1273 1762 ῶραν
1297 1690 1477 1762 γάμου

429 1782 700 1833 διδοῦσαν
726 1775 849 1832 ἀντὶ
871 1781 1047 1832 τῶνδε
1072 1777 1550 1847 κατθανουμένην.
1815 1793 1899 1834 580

430 1860 586 1933 ὑμεῖς
617 1866 666 1921 δ’
691 1860 953 1933 ἀδελφῶν
977 1860 1009 1933 ἡ
1036 1859 1274 1932 παροῦσ’
1303 1858 1505 1931 ὁμιλία,

431 1945 841 2018 εὐδαιμονοῖτε,
867 1948 960 2002 καὶ
985 1943 1200 2018 γένοιθ’
1232 1943 1365 2016 ὑμῖν
1389 1942 1536 2000 ὅσων

428 2029 538 2103 ἡμὴ
586 2033 822 2101 πάροιθε
862 2036 1064 2104 καρδία
1090 2030 1446 2102 σφαγήσεται.

431 2118 523 2172 καὶ
549 2115 645 2172 τὸν
671 2117 904 2188 γέροντα
927 2116 1026 2188 τήν
1051 2113 1099 2170 τ’
1129 2122 1234 2171 ε”σω
1259 2127 1459 2186 γραῖαν
1485 2115 1672 2186 δόμων

433 2203 617 2270 τιμᾶτε
647 2199 853 2266 πατρὸς
873 2197 1052 2268 μητέρ’
1082 2198 1392 2271 Ἀλκμήνην
1418 2202 1552 2271 ἐμοῦ
1814 2213 1896 2256 585

434 2289 626 2353 ξένους
650 2310 708 2342 τε
731 2287 947 2342 τούσδε.
975 2281 1079 2340 κόὶν
1104 2283 1391 2356 ἀπαλλαγὴ
1418 2285 1608 2340 πόνων

432 2374 524 2426 καὶ
547 2372 740 2436 νόστος
764 2368 897 2442 ὑμῖν
925 2368 1133 2443 εὑρεθῇ
1157 2369 1275 2426 ποτ’
1307 2373 1365 2425 ἐκ
1390 2375 1559 2440 θεῶν,

431 2458 717 2528 μέμνησθε
740 2455 841 2527 τὴν
865 2455 1133 2528 σώτειραν
1159 2453 1229 2521 ῶς
1253 2455 1434 2521 θάψαι
1457 2454 1651 2525 χρεῶν.

434 2541 665 2611 μάλιστα
688 2565 772 2596 τοι
799 2545 1041 2596 δίκαιον·
1074 2538 1140 2596 οὗ
1166 2539 1270 2612 γὰρ
1297 2539 1488 2610 ἐνδεὴς

435 2639 568 2696 υμῖν
593 2629 885 2696 παρέστην,
913 2624 1049 2681 ἀλλὰ
1073 2625 1402 2698 προύθανον
1425 2627 1640 2696 γένους.
1812 2636 1899 2679 590

436 2708 557 2766 ταδ’
586 2708 708 2767 ἀντὶ
733 2716 948 2767 παίδων
973 2713 1093 2766 ἐστί
1108 2734 1199 2778 μοι
1223 2710 1477 2782 κειμήλια

436 2798 528 2851 καὶ
553 2801 915 2867 παρθενείας,
945 2804 1065 2851 εἴτι
1091 2794 1158 2866 δὴ
1182 2796 1327 2850 κάτω
1352 2794 1582 2865 χθονός·

438 2889 519 2951 εἴη
545 2904 608 2952 γε
631 2882 816 2952 μέντοι
841 2883 1038 2952 μηδέν·
1068 2886 1119 2936 εἰ
1141 2878 1246 2951 γὰρ
1272 2883 1463 2951 ἕξομεν
