2022 3126
226 118 352 162 XXX
695 115 778 158 DE
809 115 1110 157 EVRIPIDIS
1140 113 1393 158 INGENIO

226 245 366 293 facile
421 239 674 306 intelleget
719 245 804 307 qui
858 241 1080 290 vocabuli
1135 235 1284 303 σοφός
1340 257 1479 290 usum
1539 242 1857 307 Euripideum

225 310 582 377 attenderit⁵¹).
656 312 995 378 philosophiae
1032 318 1129 359 tam
1170 312 1417 360 studiosus
1455 312 1714 376 Euripides
1751 312 1856 365 suit„

225 391 278 433 ut
315 385 458 433 etiam
498 382 638 446 vulgo
676 382 945 446 sapientiae
983 380 1124 445 adyta
1150 386 1411 445 temptaret
1445 383 1719 431 recludere.
1774 383 1858 431 den

225 454 323 503 dita
383 455 531 517 igitur
585 467 734 516 opera
796 450 1074 500 sublimium
1130 464 1298 499 rerum
1352 451 1755 515 disceptationem
1809 454 1857 501 in

225 538 398 573 scaena
436 524 644 572 instituit
683 529 730 571 et
767 520 1186 586 philosophemata
1215 520 1453 582 quaedam
1491 522 1756 571 identidem
1785 525 1855 571 ci-

225 594 366 644 vibus
413 594 682 657 proposuit.
756 606 880 656 quae
920 605 1014 654 quo
1063 589 1249 638 facilius
1286 591 1335 637 in
1384 597 1716 654 spectatorum
1756 594 1858 641 ani·

224 679 329 713 mos
366 679 417 712 se
454 665 776 716 insinuarent,
814 662 874 709 iis
911 661 1218 724 potissimum
1245 661 1471 724 personis
1507 660 1688 709 tributa
1727 663 1858 711 vide·
1934 652 1944 660 ’

223 749 356 789 muS,
405 748 525 797 quas
563 731 689 781 ultra
728 731 900 794 vulgus
937 745 1110 794 sapere
1158 744 1255 778 non
1295 736 1422 778 esset
1458 729 1724 792 probabile.
1799 732 1858 781 ab

224 806 331 854 istis
369 803 558 851 arcanis
595 816 692 851 non
732 803 911 850 mirum
941 800 1237 863 aliquamdiu
1275 799 1642 850 Atheniensium
1670 802 1857 851 animos

223 888 418 923 aversos
456 872 635 921 suisset
683 871 767 920 sed
806 878 860 920 ut
896 871 977 920 alii
1023 876 1197 934 poetae
1243 871 1308 918 ita
1346 869 1608 933 Euripides
1653 871 1857 935 popula·

223 945 351 993 rium
389 941 656 1006 παιδευτής
695 942 805 998 suit,
847 956 904 990 ac
950 940 1078 989 bello
1116 939 1530 1004 Peloponnesiaco
1578 940 1858 990 felicissima

223 1016 408 1064 Atticae
446 1014 604 1076 gentis
641 1012 831 1061 indoles
858 1027 914 1060 eo
953 1017 1258 1076 pervenerat,
1298 1018 1350 1059 ut
1385 1025 1447 1058 ne
1486 1009 1625 1073 vulgo
1664 1011 1858 1075 quidem

222 1084 271 1132 in
327 1098 492 1131 rerum
551 1083 822 1132 divinarum
881 1088 928 1130 et
983 1081 1307 1130 humanarum
1365 1082 1567 1130 scientia
1630 1088 1857 1144 negatum

223 1153 486 1217 quidquam
536 1153 798 1203 videretur.
869 1151 987 1200 hinc
1035 1152 1214 1200 sactum
1265 1157 1336 1198 est
1383 1156 1439 1199 ut
1485 1152 1668 1200 sensim
1714 1152 1858 1201 Athe-

222 1226 422 1273 nienses
468 1222 701 1272 libentius
750 1224 794 1272 ei
843 1229 1015 1286 poetae
1063 1221 1418 1277 auscultarent,
1471 1222 1552 1283 qui
1599 1220 1860 1270 tralaticias

221 1295 480 1357 opiniones
517 1294 828 1357 impugnaret
866 1299 914 1341 et
950 1290 1151 1340 mehora
1193 1292 1322 1354 ipsos
1360 1290 1538 1339 docere
1580 1299 1856 1341 conaretur.

222 1363 485 1426 Euripides
524 1370 578 1412 ut
616 1369 719 1412 erat
757 1378 947 1412 morum
986 1363 1244 1410 severitate
1283 1361 1488 1423 insignis
1517 1367 1564 1409 et
1601 1360 1857 1410 humilium

224 1435 398 1482 artium
439 1439 771 1497 contemptor,
813 1447 908 1480 non
949 1432 1166 1485 nutrire,
1215 1430 1299 1479 sed
1338 1446 1512 1480 sanare
1561 1431 1743 1481 saeculi
1782 1435 1857 1480 sui

221 1505 333 1551 vitia
372 1502 575 1551 studuit.
648 1504 813 1565 itaque
851 1507 902 1550 ut
947 1503 997 1549 in
1037 1502 1317 1550 domesticis
1356 1506 1405 1549 et
1442 1499 1663 1550 civilibus
1709 1501 1858 1550 rebus

220 1575 588 1639 perversitatem
640 1570 769 1635 vulgi
817 1577 1099 1620 constanter
1153 1571 1478 1634 impugnavit,
1538 1572 1605 1619 ita
1654 1570 1713 1619 de
1765 1571 1858 1620 diis

220 1642 528 1706 vulgaribus,
581 1643 641 1690 de
678 1657 866 1691 summo
905 1643 1129 1694 numine,
1181 1641 1240 1689 de
1279 1641 1438 1689 anima
1485 1640 1698 1690 humana
1737 1657 1859 1707 quae

221 1713 295 1761 vel
336 1728 361 1760 e
398 1713 801 1777 philosophorum
849 1711 988 1760 libris
1026 1711 1269 1760 hausisset
1305 1710 1380 1758 vel
1427 1710 1709 1759 meditando
1756 1714 1859 1775 ipse

221 1784 561 1845 excogitasset,
603 1783 966 1831 communicare
1006 1795 1116 1829 cum
1157 1779 1341 1828 civibus
1380 1782 1646 1843 temptavit.
1697 1796 1858 1845 neque

221 1853 457 1903 indociles
495 1851 666 1901 habuit
703 1851 975 1901 auditores:
1016 1852 1098 1913 qui
1125 1857 1178 1899 ut
1204 1865 1371 1898 rerum
1411 1854 1623 1899 novitate
1649 1853 1858 1899 maxime

223 1923 517 1973 tenebantur
555 1928 603 1971 et
639 1923 823 1985 insigni
862 1922 1044 1983 ingenii
1069 1919 1316 1969 celeritate
1355 1919 1572 1969 inaudita
1613 1921 1860 1985 quaelibet

219 1992 543 2057 arripiebant,
590 1993 657 2041 ita
706 1992 765 2042 ad
812 2006 891 2039 res
946 1989 1181 2039 coelestes
1238 2004 1494 2052 assurgere
1549 2005 1659 2039 cum
1714 1997 1858 2055 poeta

220 2063 348 2112 haud
388 2064 572 2126 gravati
600 2068 726 2111 sunt.
781 2068 999 2110 ceterum
1027 2062 1074 2108 in
1102 2075 1292 2109 summo
1319 2060 1660 2123 philosophiae
1698 2060 1859 2110 studio

219 2139 362 2199 poeta
401 2134 556 2195 magis
594 2132 686 2181 fuit
723 2131 984 2196 Euripides
1022 2145 1166 2195 quam
1206 2128 1543 2194 philosophus,
1620 2129 1695 2178 vel
1733 2130 1859 2179 hanc

219 2201 282 2251 ob
323 2218 519 2252 causam
558 2204 754 2252 irritum
794 2202 943 2250 suerit
989 2200 1256 2265 perfectam
1297 2206 1345 2248 et
1383 2207 1772 2250 consummatam
1811 2203 1857 2249 in

219 2275 328 2322 eius
374 2272 639 2336 tragoediis
688 2286 927 2335 quaerere
975 2269 1361 2334 philosophiam,
1414 2285 1508 2335 qua
1546 2271 1604 2319 ad
1655 2270 1859 2319 eandem

333 2411 408 2465 51)
440 2411 598 2452 Pauca
629 2410 890 2478 speciminis
920 2410 1017 2451 loco
1049 2410 1251 2451 afferam.
1300 2410 1468 2451 Bacch.
1489 2411 1593 2451 480.
1627 2402 1758 2461 δόξει
1789 2424 1859 2458 τις

221 2462 415 2529 ἀμαθεῖ
438 2461 564 2532 σοφοὶ
597 2463 746 2533 λέγων
776 2479 861 2507 ουκ
893 2455 945 2508 εὖ
979 2469 1188 2531 φρονεῖν
1248 2466 1367 2507 Med.
1399 2468 1503 2508 298:
1535 2469 1740 2507 σκαιοῖσι
1770 2462 1859 2518 μὲν

221 2517 311 2589 γὰρ
343 2516 488 2563 καινοὶ
525 2518 806 2575 προσφέρων
836 2516 977 2588 σοφοὶ
996 2517 1161 2589 δόξεις
1187 2515 1406 2587 ἀχρεῖος
1408 2514 1496 2563 κοῦ
1526 2515 1675 2589 σοφὸς
1705 2534 1856 2574 πεφυ·

221 2575 371 2619 κέναι.
435 2579 503 2619 ΕΙ.
536 2580 638 2619 296:
680 2576 760 2619 καὶ
800 2572 891 2631 γάρ
924 2572 1035 2619 οὐδ’
1070 2573 1274 2640 οέζήμιον
1309 2572 1501 2630 γνώμην
1539 2571 1718 2618 ἐνεῖναι
1759 2580 1859 2624 τοῖς

221 2636 392 2687 σοφοῖς
424 2633 533 2675 λίαν
564 2627 736 2687 σοφήν.
798 2634 966 2674 Phoen.
989 2636 1095 2676 394.
1129 2628 1325 2702 λυπρὸν
1339 2636 1635 2696 συνασοφεῖν
1665 2635 1763 2701 τρῖς
1794 2627 1857 2686 μὴ

220 2692 407 2742 σοφοῖς.
466 2690 571 2730 Hel.
604 2692 707 2731 513·
740 2682 876 2757 λόχος
907 2686 995 2744 γάρ
1026 2685 1154 2731 ἔστιν
1185 2685 1271 2731 οὐκ
1304 2682 1427 2741 ε’μός,
1458 2686 1636 2741 σοφῶν
1654 2681 1700 2729 δ’
1734 2685 1859 2736 ἔπος

222 2746 275 2786 fr.
288 2747 392 2787 585:
416 2739 731 2812 στρατηλάται
749 2760 837 2787 ταν
853 2745 1012 2814 {2le,01
1031 2746 1294 2799 γενοίμεθα
1311 2744 1548 2808 (γενοίατο
1565 2744 1858 2807 Meinekius),

221 2795 378 2868 σοφὸς
408 2794 457 2842 δ’
489 2814 549 2841 αν
583 2797 650 2847 εἷς
680 2815 750 2848 τις
779 2791 809 2855 ἢ
844 2796 923 2842 δύ’
957 2796 1007 2843 ἒν
1045 2800 1235 2867 μακρῷ
1250 2795 1412 2864 χρόνῳ.
1474 2800 1528 2840 fr.
1562 2802 1667 2842 894.
1707 2793 1859 2852 σοφὸν

221 2850 310 2910 γὰρ
342 2851 516 2909 ανδρα,
546 2848 638 2899 κᾶν
669 2849 782 2905 ἓκας
804 2856 917 2912 ναίῃ
948 2851 1141 2911 χθονός,
1173 2871 1266 2899 παν
1295 2848 1472 2911 μήποτ’
1495 2848 1650 2904 ὄσσοις
1684 2852 1859 2904 εἰσίδω

221 2912 365 2965 κρίνω
397 2913 558 2967 φιᾝλον
