2022 3126
229 77 329 129 376
903 75 1241 122 ΙΚΕΤΙΔΕΣ

232 231 351 276 AA.
420 219 596 290 μάχην
621 240 683 288 γε
711 221 924 272 δισσοῖν
952 215 1262 271 κνωδάλοιν
1286 212 1601 279 ἀπεικάσας.

232 312 350 361 ΘΗ.
421 296 601 374 ἦλθον
627 302 688 357 δὲ
713 299 780 371 δὴ
807 307 921 366 πῶς
945 304 1208 371 πατρίδος
1233 296 1521 356 ἐκλιπόνθ’
1551 295 1744 371 ὅρους;

231 399 353 445 AA.
430 385 642 451 Τυδεὺς
665 386 766 456 μὲν
791 381 923 456 αἷμα
948 385 1212 456 συγγενὲς
1237 384 1466 456 φεύγων
1489 383 1707 455 χθονός.

235 481 353 530 ΘΗ.
426 471 452 528 ὁ
482 477 515 527 δ
523 470 535 489 ⁷
570 475 810 526 Οἰδίπου
837 484 961 535 παῖς
985 476 1095 525 τίνι
1119 469 1304 544 τρόπω
1331 469 1516 541 Θήβας
1540 467 1744 534 λιπών;

234 568 354 615 AA.
426 556 581 629 ἀραῖς
607 556 909 630 πατρώαις,
937 553 1008 626 μὴ
1034 562 1368 626 κασίγνητον
1392 554 1597 609 κτάνοι.
1812 566 1893 608 150

236 651 354 699 ΘΗ.
426 641 607 713 σοφήν
632 639 684 713 γ’
714 643 894 707 ἔλεξας
919 638 1074 711 τήνδ’
1104 640 1362 696 ἑκούσιον
1387 639 1589 711 φυγήν.

235 737 356 784 AA.
430 725 550 782 ἀλλ’
582 731 637 782 οἱ
652 727 907 797 μένοντες
931 724 1056 789 τοὺς
1081 722 1317 790 ἀπόντας
1339 722 1593 795 ἠδίκουν.

238 820 354 869 ΘΗ.
426 805 460 883 ἦ
484 811 592 868 πού
617 808 713 882 σφ’
743 807 982 881 ἀδελφὸς
1005 809 1297 881 χρημάτων
1318 815 1661 880 νοσφίζεται;

238 907 359 955 AA.
431 894 583 952 ταῦτ’
614 896 915 963 ἐκδικάζων
938 888 1145 966 ἦλθον
1197 892 1296 950 εἶτ’
1327 893 1642 965 ἀπωλόμην.

238 990 357 1039 ΘΗ.
426 983 647 1053 μάντεις
671 978 722 1036 δ’
751 984 990 1051 ἐπῆλθες
1014 980 1275 1051 ἐμπύρων
1303 978 1350 1034 τ’
1383 979 1524 1044 εἶδες
1549 977 1758 1049 φλόγα;
1819 992 1896 1032 155

242 1078 357 1124 AA.
429 1077 601 1138 οἴμοι·
630 1066 846 1131 διώκεις
869 1063 926 1136 μ’
962 1089 995 1138 ῃ
1020 1063 1234 1136 μάλιστ’
1263 1064 1368 1137 ε’γώ
1390 1062 1647 1135 ’σφάλην

239 1160 358 1209 ΘΗ.
433 1151 535 1208 οὐκ
560 1144 756 1222 ἦλθες,
784 1174 854 1215 ως
880 1156 1086 1220 ε’,οικεν
1115 1148 1306 1224 εὐνοίᾳ
1334 1156 1502 1205 θεων.

239 1248 359 1294 AA.
431 1237 487 1292 τὸ
516 1236 576 1292 δὲ
603 1238 796 1305 πλέον,
824 1227 1002 1306 ἦλθον
1025 1233 1337 1307 Ἀμφιάρεσό
1361 1258 1422 1306 γε
1449 1234 1585 1305 πρὸς
1610 1239 1755 1305 βίαν.

240 1330 358 1380 ΘΗ.
431 1319 575 1378 οὕτω
602 1320 659 1376 τὸ
687 1330 845 1376 θεῖον
871 1323 1073 1394 ῥᾳδίως
1098 1317 1476 1391 ἀπεστράφης;

239 1418 361 1464 AA.
430 1410 573 1463 νέων
598 1405 702 1477 γὰρ
729 1403 953 1476 ἀνδρῶν
978 1405 1224 1508 θόρυβος
1251 1405 1544 1476 ἐξέπλησσέ
1564 1426 1645 1475 με.
1821 1416 1901 1459 160

241 1500 359 1549 ΘΗ
433 1490 706 1562 εὐψυχίαν
732 1497 1000 1555 ἔσπευσας
1025 1487 1145 1546 ἀντ’
1175 1487 1487 1561 εὐβουλίας,

430 1575 459 1632 ὃ
493 1582 629 1648 δῆτα
658 1574 896 1641 πολλοὺς
923 1572 1092 1631 ω’λεσε
1116 1575 1497 1648 στρατηλάτας.

238 1672 361 1719 ΑΔ.
432 1660 552 1718 ἀλλ’
583 1685 623 1716 ω
650 1659 780 1716 καθ’
802 1658 1014 1716 Ελλάδ’
1049 1659 1428 1733 ἀλκιμώτατον
1451 1659 1611 1731 κάρα,

433 1746 566 1814 άναξ
588 1745 873 1818 Ἀθηνῶν,
900 1750 959 1802 ἐν
987 1770 1088 1818 μεν
1112 1746 1396 1817 αἰσχύναις
1425 1747 1539 1816 άγω

431 1839 642 1888 πίτνων
667 1831 803 1903 πρὸς
828 1825 997 1896 οὖδας
1020 1831 1159 1903 γόνυ
1183 1830 1284 1887 σὸν
1308 1829 1601 1903 ἀμπίσχειν
1624 1834 1759 1900 χερί,
1824 1840 1901 1884 165

434 1917 621 1982 πολιὸς
646 1914 784 1989 ἀνὴρ
809 1917 1082 1989 τύραννος
1110 1914 1393 1988 εὐδαίμων
1416 1915 1614 1986 πάρος·

433 1999 577 2073 ὅμως
602 2000 656 2057 δ’
688 2000 898 2073 ἀνάγκη
923 2015 1234 2073 συμφοραῖς
1263 2009 1433 2057 εἴκειν
1457 2001 1566 2072 ἐμέ.

433 2093 615 2143 σῶσον
640 2087 870 2157 νεκρούς
896 2109 988 2157 μοι
1012 2084 1154 2157 τάμά
1178 2084 1226 2142 τ’
1257 2091 1527 2157 οἰκτείρας
1552 2082 1693 2139 κακὰ

434 2174 526 2227 καὶ
550 2178 662 2227 τῶν
688 2171 983 2228 θανόντων
1008 2171 1173 2227 τάσδε
1196 2173 1430 2244 μητέρας
1454 2172 1681 2238 τέκνων,

435 2253 519 2322 αἷς
543 2263 713 2328 γῆρας
737 2254 856 2328 ἥκει
889 2255 1084 2312 πολιὸν
1111 2263 1186 2322 εἰς
1210 2255 1492 2326 ἀπαιδίαν,
1825 2264 1906 2309 170

436 2346 625 2398 ἐλθεῖν
654 2339 705 2398 δ’
735 2349 968 2413 ἔτλησαν
997 2347 1174 2413 ἕξοροι
1199 2347 1357 2408 ξένον
1384 2343 1529 2396 πόδα

436 2435 623 2482 θεῖναι
647 2426 804 2498 μόλις
827 2425 1021 2498 γεραιὰ
1048 2433 1304 2483 κινοῦσαι
1330 2428 1482 2498 μέλη,

437 2510 809 2584 πρεσβεύματ’
842 2509 908 2567 οὐ
931 2512 1224 2584 Δήμητρος
1251 2518 1326 2578 εἰς
1349 2511 1637 2583 μυστήρια,

435 2594 558 2652 ἀλλ’
592 2594 663 2662 ὡς
688 2596 922 2669 νεκροὺς
943 2597 1230 2667 θάψωσιν,
1267 2594 1329 2662 ἃς
1357 2594 1528 2660 αὐτὰς
1551 2598 1715 2667 ἐχρῆν

434 2687 637 2738 κείνων
665 2688 927 2752 ταφείσας
954 2683 1142 2755 χερσὶν
1169 2679 1389 2754 ὡραίων
1414 2692 1617 2752 τυχεῖν.
1826 2687 1903 2731 175

437 2764 635 2836 [σοφὸν
660 2766 720 2822 δὲ
746 2772 945 2822 πενίαν
969 2763 1022 2822 τ’
1052 2772 1274 2839 εἰσορᾶν
1301 2764 1400 2822 τὸν
1426 2763 1636 2836 ὄλβιον,

435 2851 640 2922 πένητά
662 2848 710 2905 τ’
743 2856 818 2916 εἰς
842 2849 970 2916 τοὺς
995 2857 1294 2917 πλουσίους
1317 2849 1654 2920 ἀποβλέπειν
