2022 3126
116 398 221 446 ΟΡ.

111 565 230 613 ΗΛ.

114 650 220 698 ΟΡ.

783 81 1112 132 ΗΛΕΚΤΡΑ
1665 86 1767 139 253
1845 67 1848 70 ’

301 223 561 292 μολόντες
585 220 813 294 ἀνδρός·
838 226 931 278 καὶ
955 224 1059 295 γὰρ
1087 232 1138 280 εἰ
1163 227 1330 297 πένης
1354 233 1516 298 ἔφυν,

304 304 458 362 οὗτοι
481 307 542 361 τό
562 302 608 375 γ’
629 299 768 377 ἦθος
792 309 1055 378 δυσγενὲς
1079 312 1396 381 παρέξομαι.

300 390 436 461 πρὸς
459 397 640 461 θεῶν,
666 388 752 446 ὅδ’
784 389 925 462 ἀνὴρ
963 389 1021 457 ὂς
1045 397 1437 450 συνεκκλέπτει
1461 396 1671 467 γάμους

300 473 430 539 τοὺς
454 475 611 545 σούς,
631 473 892 546 Ὀρέστην
915 474 982 532 οὗ
1007 479 1394 548 καταισχύνειν
1417 482 1632 548 θέλων;
1684 494 1768 539 365

299 551 458 623 οὗτος
480 562 737 630 κέκληται
764 561 920 626 πόσις
945 560 1070 632 ἐμὸς
1095 568 1189 633 τῆς
1214 560 1429 628 ἀθλίας.

302 649 411 713 φεῦ
429 662 439 670 ·

303 725 406 783 οὐκ
432 724 542 782 ἔστ’
572 725 793 798 ἀκριβὲς
820 726 987 783 οὐδὲν
1013 734 1088 793 εἰς
1116 728 1445 803 εὐανδρίαν·

299 819 486 882 ἔχουσι
509 811 613 882 γὰρ
641 811 921 883 ταραγμὸν
946 817 1007 867 αἱ
1028 813 1224 884 φύσεις
1250 823 1484 886 βροτῶν.

299 893 404 967 ’ἤδη
434 895 537 967 γὰρ
565 895 714 951 εἶδον
739 904 915 955 παῖδα
939 905 1202 967 γενναίου
1228 901 1432 971 πατρὸς

297 979 357 1036 τὸ
383 981 556 1051 μηδὲν
581 978 739 1050 ὄντα,
764 981 969 1051 χρηστὰ
994 987 1027 1037 δ
1034 980 1046 999 ’
1077 986 1135 1038 ἐκ
1159 990 1348 1040 κακῶν
1373 988 1554 1057 τέκνα,
1684 1002 1769 1046 370

302 1064 464 1134 λιμόν
486 1062 536 1119 τ’
568 1068 627 1120 ἐν
650 1062 855 1135 ανδρός
879 1073 1151 1123 πλουσίου
1178 1070 1505 1141 φρονήματι,

298 1148 526 1220 γνώμην
552 1150 613 1205 δὲ
637 1150 882 1221 μεγάλην
907 1153 967 1206 ἐν
992 1154 1184 1224 πένητι
1209 1154 1432 1226 σώματι.

300 1239 416 1298 πῶς
441 1235 546 1289 οὐν
569 1259 648 1299 τις
673 1233 814 1290 αὐτὰ
840 1236 1122 1308 διαλαβών
1148 1236 1333 1309 ὀρθῶς
1358 1254 1564 1312 κρινεῖ;

301 1318 553 1417 πλούτῳ;
579 1326 804 1392 πονηρῷ
829 1318 882 1390 γ’
913 1322 1020 1391 ἀρα
1044 1322 1301 1393 χρήσεται
1326 1331 1514 1397 κριτῇ·

298 1426 331 1472 η
356 1416 468 1468 τοις
499 1410 680 1473 έχουσι
705 1407 906 1475 μηδέν,
935 1403 1055 1460 ἀλλ’
1086 1413 1195 1477 ἔχει
1222 1408 1389 1464 νόσον
1683 1422 1764 1467 375

299 1494 489 1558 πενία,
516 1488 764 1544 διδάσκει
791 1487 843 1544 δ’
874 1486 1052 1562 ἄνδρα
1076 1497 1141 1564 τῇ
1166 1499 1322 1566 χρείᾳ
1346 1495 1535 1549 κακόν.

298 1568 421 1626 ἀλλ’
454 1578 527 1636 εἰς
560 1570 917 1642 ὅπλ’ἐλθῶνς
948 1582 1029 1640 τίς
1062 1577 1123 1631 δὲ
1155 1578 1292 1648 πρὸς
1325 1580 1533 1651 λόγχην
1563 1579 1782 1650 βλέπων

297 1656 506 1728 μάρτυς
530 1655 732 1728 γένοιτ’
765 1654 835 1712 ἂν
857 1655 1006 1722 ὅστις
1031 1660 1179 1714 ἐστὶν
1204 1658 1443 1730 ἁγαθός;

296 1741 588 1810 κράτιστον
614 1747 732 1814 εἰκῇ
758 1739 904 1797 ταῦτ’
933 1745 1030 1798 ε’ἆν
1056 1741 1343 1815 ἀφειμένα.

293 1818 455 1890 οὗτος
485 1824 589 1897 γὰρ
616 1823 755 1898 ἀνὴρ
784 1823 903 1883 οὔτ’
936 1830 996 1882 ἐν
1022 1825 1288 1899 Ἀργείοις
1312 1852 1474 1901 μεγας
1684 1844 1767 1887 380

298 1908 415 1966 οὔτ’
446 1903 518 1966 αὖ
543 1910 766 1982 δοκήσει
791 1911 1060 1982 δωμάτων
1085 1911 1428 1984 ὠγκωμένος,

297 1998 357 2051 ἐν
385 2009 496 2060 τοῖς
519 2018 576 2050 τε
607 2004 829 2061 πολλοῖς
859 1993 937 2052 ὢν
962 1994 1179 2067 ἄριστος
1198 1995 1410 2069 ηὑρέθη

296 2079 362 2135 οὐ
387 2079 460 2150 μὴ
486 2077 817 2151 φρονήσεθ’,
853 2087 908 2136 οἳ
928 2088 1110 2137 κενῶν
1135 2083 1488 2153 δοξασμάτων

299 2164 522 2236 πληρεις
547 2172 853 2236 πλανᾶσθε,
888 2172 953 2238 τῇ
978 2164 1030 2220 δ’
1061 2164 1247 2240 ὁμιλία
1271 2167 1505 2238 βροτους

299 2262 537 2355 κρινειτε
561 2252 653 2305 καὶ
677 2263 789 2315 τοῖς
812 2248 1014 2321 ἤθεσιν
1038 2250 1167 2316 τοὺς
1194 2249 1463 2322 εὐγενεϊςς
1683 2264 1763 2310 385

301 2358 352 2388 υι
375 2331 481 2439 γὰρ
506 2339 709 2390 τοιοίδε
732 2334 826 2400 τὰς
851 2335 1036 2400 πόλεις
1060 2341 1311 2391 οἰκοῦσιν
1337 2338 1400 2391 εὖ

299 2441 392 2473 και
419 2417 661 2490 δώμαθ’,
691 2444 747 2475 αι
778 2420 838 2475 δε
862 2420 1059 2490 σάρκες
1082 2444 1137 2475 αι
1165 2422 1320 2476 κεναὶ
1349 2427 1573 2493 φρενῶν

298 2500 563 2574 ἀγάλματ’
593 2501 797 2575 ἀγορᾶς
822 2510 977 2560 εἰσιν.
1002 2502 1135 2559 οὐδὲ
1158 2503 1263 2577 γὰρ
1291 2505 1430 2577 δόρυ

297 2592 508 2658 μᾶλλον
532 2594 777 2660 βραχίων
800 2587 1076 2690 σθεναρὸς
1102 2587 1382 2654 ἀσθενοῦς
1405 2592 1556 2661 μένει
1572 2608 1582 2618 ·

299 2675 359 2726 ἐν
381 2678 446 2743 τῇ
472 2669 640 2742 φύσει
663 2674 725 2730 δε
748 2680 908 2730 τοῦτο
931 2670 1036 2728 κᾶν
1062 2670 1316 2747 εὐψυχία.
1681 2688 1765 2730 390

300 2752 422 2811 ἀλλ’
451 2754 596 2822 αξιος
619 2757 724 2829 γὰρ
750 2755 781 2813 ὅ
805 2781 864 2814 τε
889 2755 1139 2829 παρών”
1107 2782 1135 2814 ο
1160 2755 1201 2813 τ’
1229 2756 1295 2814 οὐ
1321 2780 1516 2830 παρων

294 2837 695 2912 Ἀγαμέμνονος
719 2855 872 2912 παῖς,
900 2843 1073 2913 οὗπερ
1106 2838 1279 2913 εἵνεχ’
1315 2840 1538 2914 ἥκομεν,
