2022 3126
207 98 302 148 112

205 250 318 298 ΠΕ.

200 335 300 385 ΔΙ.

200 420 317 468 ΠΕ.

197 506 299 559 ΔΙ.

198 595 314 643 ΠΕ.

196 680 295 728 ΔΙ.

196 765 315 812 ΠΕ.

197 850 296 899 ΔΙ.

889 101 1146 148 ΒΑΚΧΑΙ

387 250 497 310 τίς;
530 234 661 306 τοῦς
678 240 877 312 λόγους
903 239 1008 313 γὰρ
1035 243 1308 313 εἰσφέρεις
1332 243 1563 310 καινούς
1586 243 1686 303 dec.

391 326 450 394 ὃς
476 327 577 399 τὴν
602 326 955 398 πολύβοτρυν
982 324 1228 396 ἄμπελον
1254 327 1388 397 φύει
1412 335 1649 400 βροτοῖς.

389 412 681 475 ὠνείδισας
706 410 773 480 δὴ
799 417 958 466 τοῦτο
990 412 1253 486 Διονύσῳ
1278 413 1467 468 καλόν.

389 505 982 539 ************

386 583 580 658 κλῄειν
607 581 817 636 κελεύω
844 581 1022 636 πάντα
1050 581 1267 652 πύργον
1294 586 1354 638 ἐν
1378 583 1585 657 κύκλῳ.

386 678 444 726 τί
471 665 546 737 5³3
573 664 675 737 οὐχ
699 664 1105 738 ὑπερβαίνουσι
1130 668 1223 720 καὶ
1246 674 1396 739 τείχη
1421 674 1556 724 θεοί
1565 694 1579 736 ;

386 753 560 827 σοφὸς
583 750 756 824 σοφὸς
789 752 878 823 σύ,
904 749 1050 822 πλὴν
1076 748 1110 805 ὁὶ
1143 756 1233 807 δεῖ
1251 749 1295 807 σ’
1329 752 1471 808 εἶναι
1496 754 1694 825 σοφόν.

389 839 423 897 ἂ
449 845 540 896 δεῖ
559 838 818 910 μάλιστα,
844 834 988 892 ταῦτ’
1020 833 1175 907 ἔγωγ’
1209 843 1356 908 ἔφυν
1380 837 1570 909 σοφός.

388 932 583 982 κείνου
610 921 662 979 δ’
700 921 940 987 ἀκούσας
968 928 1158 993 πρῶτα
1183 922 1314 987 τοῦς
1340 923 1542 993 λόγους
1565 922 1728 994 μάθε,

391 1007 452 1076 ὃς
476 1013 527 1078 ἐξ
555 1007 725 1081 ὅρους
750 1008 1014 1081 πάρεστιν
1041 1005 1295 1078 ἀγγελῶν
1321 1015 1380 1064 τί
1399 1026 1486 1065 σοι
1502 1027 1513 1038 ·

387 1094 543 1167 ἡμεῖς
568 1097 633 1150 δέ
649 1112 737 1150 σοι
761 1099 1068 1164 μενοῦμεν,
1095 1089 1162 1148 οὐ
1190 1095 1571 1165 φευξούμεθα.

200 1189 357 1239 ΑΓΓ.
383 1186 614 1236 Πενθεῦ
640 1179 937 1251 κρατύνων
963 1182 1129 1248 τῆσδε
1155 1185 1403 1250 Θηβαίας
1426 1179 1650 1250 χθονός,

198 1445 313 1493 ΠΕ.

386 1265 503 1338 ἥκω
530 1259 838 1336 Κιθαιρῶν’
867 1263 1124 1333 ἐκλιπών,
1149 1261 1216 1319 ἵν’
1246 1261 1453 1319 οῦποτε

387 1356 589 1421 λευκῆς
608 1345 837 1405 ἀνεῖσαν
866 1349 1047 1420 χιόνος
1074 1345 1291 1419 εὐαγεῖς
1318 1355 1501 1420 βολαί.

386 1433 537 1507 ἥκεις
565 1435 626 1490 δὲ
649 1440 816 1490 ποίαν
845 1434 1166 1504 προστιθεὶς
1195 1432 1447 1505 σπουδὴν
1474 1435 1675 1506 λόγους

199 1529 301 1578 ΑΓ
295 1529 356 1578 Γ.
383 1522 600 1593 Βάκχας
625 1518 924 1582 ποτνιάδας
953 1517 1194 1588 εἰσιδών,
1223 1525 1278 1574 αὶ
1303 1523 1468 1590 τῆσδε
1502 1526 1600 1591 γῆς

200 2211 314 2259 ΠΕ.

389 1616 658 1678 οἴστροισι
683 1601 888 1660 λευκὸν
911 1610 1093 1658 κῶλον
1117 1603 1489 1675 ἐξηκόντισαν,

388 1690 505 1763 ἥκω
538 1690 747 1763 φράσαι
771 1691 859 1745 σοὶ
887 1691 981 1744 καὶ
1009 1689 1166 1744 πόλει
1189 1690 1420 1761 χρῄζων,
1455 1687 1608 1760 ἅναξ,

390 1775 462 1841 ὡς
487 1774 644 1832 δεινὰ
671 1780 845 1847 δρῶσι
868 1774 1178 1845 θαυμάτων
1206 1797 1265 1829 τε
1290 1781 1605 1847 κρείσσονα.

387 1865 537 1918 θέλω
565 1859 615 1917 δ’
647 1858 910 1930 ἀκοῦσαι,
937 1859 1143 1931 πότερά
1167 1876 1254 1914 σοι
1279 1866 1564 1933 παρρησία

389 1947 585 2019 φράσω
611 1945 677 2002 τὰ
701 1953 897 2000 κεῖθεν
923 1941 956 2015 ἦ
980 1944 1149 2015 λόγον
1178 1945 1528 2015 στειλώμεθα
1546 1964 1557 1973 ·

387 2031 447 2089 τό
477 2031 584 2105 γὰρ
609 2031 769 2102 τάχος
795 2048 897 2085 σου
923 2034 1036 2084 τῶν
1056 2035 1283 2100 φρενῶν
1309 2026 1527 2099 δέδοικ’,
1556 2027 1707 2099 ἅναξ,

385 2120 480 2174 καὶ
505 2115 867 2187 τούξύθυμον
891 2116 985 2169 καὶ
1009 2112 1068 2170 τὸ
1095 2117 1387 2186 βασιλικὸν
1410 2120 1553 2170 λίαν.

385 2201 512 2275 λέγ’,
543 2200 615 2267 ὡς
644 2198 831 2275 ἀθῷος
857 2202 909 2265 ἐξ
936 2202 1069 2269 ἐμοῦ
1097 2200 1314 2264 πάντως
1347 2206 1486 2255 ἔσει·

389 2286 501 2363 ὅσῳ
535 2285 586 2343 δ’
618 2282 686 2342 ἂν
714 2294 869 2357 εἴπῃς
895 2284 1180 2356 δεινότερα
1204 2291 1437 2355 Βακχῶν
1462 2287 1606 2356 πέρι,

390 2377 600 2448 τοσῷδε
625 2377 834 2443 μᾶλλον
866 2368 964 2425 τὸν
990 2366 1277 2425 ὑποθέντα
1305 2369 1401 2435 τὰς
1425 2372 1617 2441 τέχνας

390 2460 610 2529 γυναιξὶ
634 2457 797 2512 τόνδε
821 2461 886 2528 τῇ
913 2460 1040 2526 δίκῃ
1067 2452 1475 2527 προσθήσομεν.

203 2549 357 2600 ΑΓΓ.
386 2541 616 2614 ἀγελαῖα
641 2542 742 2613 μὲν
767 2536 1061 2612 βοσκήματ’
1093 2537 1217 2609 ἄρτι
1244 2542 1382 2612 πρὸς
1406 2541 1573 2605 λέπας

391 2628 611 2699 μόσχων
642 2625 1031 2698 ὑπεξήκριζον,
1057 2622 1192 2696 ἡνίχ’
1221 2623 1375 2696 ἥλιος

393 2711 616 2777 ἀκτῖνας
643 2714 815 2782 ἐξίησι
840 2715 1165 2783 θερμαίνων
1189 2710 1386 2781 χθόνα.

375 2905 476 2950 τοῖς
506 2891 593 2955 γαρ
621 2901 823 2949 δικαίοις
857 2895 964 2956 οὐχὶ
997 2899 1279 2955 θυμοῦσθαι
1311 2894 1459 2954 χρεών

1781 260 1866 306 650

1784 767 1866 811 655

1786 1193 1870 1238 660

1784 1620 1870 1664 665

1784 2044 1870 2087 670

1785 2383 1870 2428 675

1788 2898 1872 2940 673
