2022 3126
258 114 366 169 210

262 266 388 316 ΜΕ.

260 350 371 400 EA.

257 432 388 484 ΜΕ.

256 519 371 569 EA.

257 604 388 653 ΜΕ.

258 688 370 738 EA.

258 774 386 823 ME.

258 859 370 907 EA.

259 943 387 993 ME.

263 1027 371 1077 EA.

261 1112 387 1161 ME.

259 1196 369 1245 EA.

258 1282 388 1330 ME.

257 1366 371 1414 EA.

258 1451 387 1500 ME.

258 1536 370 1584 EA.

259 1622 383 1669 ME.

260 1707 369 1754 EA.

260 1792 383 1840 ME.

260 1876 367 1924 EA.

264 1960 371 2008 ME
373 1997 383 2007 .

258 2045 367 2093 EA.

259 2131 385 2179 ME.

257 2215 368 2264 EA.

259 2299 382 2348 ME.

981 115 1229 162 EAENH

449 261 564 329 ἐρεῖ
587 257 648 313 δὲ
671 262 752 321 τίς
777 255 837 326 μ’
859 279 872 322 ;
899 253 966 311 οὐ
991 254 1267 326 γνώσεταί
1290 252 1343 325 γ’
1374 251 1433 320 ὅς
1458 252 1566 326 εἰμ’
1593 255 1719 328 ἐγώ.

455 340 564 398 ἔστ’
597 347 760 397 ε”νδον
783 337 931 414 αὐτῷ
964 340 1236 411 ξύμμαχος
1259 348 1414 404 θεοῖς
1440 348 1546 410 ἴση.

450 428 603 499 φήμη
628 450 709 491 τις
733 434 903 481 οἴκων
929 429 988 480 ἐν
1011 437 1204 496 μυχοῖς
1234 427 1530 496 ἰδρυμένη;
1840 439 1924 482 820

453 509 555 568 οὔκ
573 556 586 580 ,
614 508 735 566 ἀλλ’
765 508 1005 581 ἀδελφή·
1014 509 1283 613 Θεονόην
1306 515 1546 565 καλοῦσί
1564 534 1670 567 νιν.

446 597 779 668 χρηστήριον
802 596 904 667 μὲν
929 592 1185 665 τοῦνομ’·
1214 591 1245 649 ὅ
1267 619 1318 649 τι
1348 594 1409 650 δὲ
1434 599 1541 668 δρᾷ
1565 595 1797 667 φράσον.

453 679 613 737 πάντ’
643 678 748 737 οἷδ’
755 684 916 782 ,ε’ρεῖ
935 703 992 735 τε
1020 680 1277 753 συγγόνῳ
1302 680 1547 751 παρόντα
1571 697 1648 735 σε.

446 767 791 838 θνήσκοιμεν
816 764 911 821 άν·
937 772 1136 820 λαθεῖν
1161 763 1264 836 γὰρ
1294 761 1395 835 οὐχ
1420 760 1539 820 οἶόν
1562 767 1624 820 τέ
1643 788 1754 837 μοι.

448 860 579 916 ἴσως
611 845 682 906 ἀν
712 848 1106 919 ἀναπείσαιμεν
1142 846 1449 904 ἱκετεύοντέ
1477 871 1570 905 νιν
1839 864 1923 907 825

446 941 504 991 τί
520 940 700 1007 χρῆμα
726 938 954 1004 δρᾶσαι;
985 931 1095 989 τίν’
1124 930 1356 1003 ὑπάγεις
1380 931 1438 1004 μ’
1469 937 1520 998 ἐς
1547 937 1769 1000 ἐλπίδα;

450 1020 695 1092 παρόντα
718 1025 849 1092 γαίᾳ
873 1023 944 1090 μὴ
974 1019 1182 1089 φράσαι
1205 1028 1266 1073 σε
1290 1019 1563 1092 συγγόνῳ.

447 1111 703 1161 πείσαντε
729 1109 762 1159 δ
769 1102 781 1122 ’
813 1108 870 1159 ἐκ
895 1110 993 1175 γῆς
1019 1109 1362 1175 διορίσαιμεν
1386 1100 1455 1158 ἂν
1479 1104 1656 1170 πόδας

449 1195 609 1261 κοινῇ
637 1187 690 1260 γ’
727 1192 910 1262 ἐκείνῃ
937 1192 1168 1262 ῥαδίως,
1195 1188 1382 1262 λάθρᾳ
1406 1185 1457 1242 δ’
1487 1184 1556 1243 ἀν
1587 1186 1672 1244 οὔ.

449 1274 550 1329 σὸν
575 1280 767 1344 ἔργον,
796 1270 867 1338 ὡς
891 1275 1118 1345 γυναικὶ
1143 1272 1466 1345 πρόσφορον
1490 1273 1652 1345 γυνή.
1839 1286 1925 1330 83Ο

451 1356 523 1423 ὡς
549 1356 651 1414 οὐκ
678 1356 929 1429 ἄχρωστα
954 1356 1144 1430 γόνατ’
1175 1361 1322 1429 ἐμῶν
1346 1360 1453 1424 ἕξει
1476 1364 1671 1428 χερῶν.

449 1442 598 1516 φέρ’,
625 1439 695 1514 ἦν
723 1444 783 1499 δὲ
808 1443 875 1514 δὴ
901 1450 1017 1519 νῷν
1041 1441 1113 1514 μὴ
1144 1440 1470 1513 ἀποδέξηται
1495 1443 1725 1514 λόγους;

451 1537 641 1584 θανεῖ·
670 1535 949 1600 γαμοῦμαι
975 1526 1026 1584 δ’
1055 1526 1088 1599 ἡ
1112 1525 1322 1583 τάλαιν’
1353 1528 1458 1599 ἐγώ
1485 1534 1597 1601 βία.

443 1614 701 1684 προδότις
725 1610 793 1669 ἂν
820 1622 958 1685 εἴης·
986 1613 1086 1685 τὴν
1110 1620 1241 1684 βίαν
1265 1610 1505 1683 σκήψασ’
1535 1619 1689 1684 ἔχεις.

452 1696 572 1753 ἀλλ’
603 1696 776 1769 ἁγνὸν
802 1696 972 1767 ὅρκον
995 1697 1096 1754 σὸν
1120 1698 1261 1769 κάρα
1286 1697 1578 1768 κατώμοσα
1838 1709 1922 1754 835

443 1790 501 1838 τί
522 1784 658 1854 φής;
683 1792 986 1839 θανεῖσθαι
1030 1781 1261 1838 κοῦποτ’
1292 1781 1548 1848 ἀλλάξειν
1569 1784 1724 1855 λέχη;

448 1866 630 1942 ταύτῷ
657 1872 805 1939 ξίφει
831 1888 918 1939 γε·
945 1875 1195 1939 κείσομαι
1221 1868 1282 1923 δὲ
1305 1873 1406 1922 σοῦ
1432 1869 1614 1932 πέλας.

444 1955 533 2008 ἐπὶ
558 1958 740 2008 τοῖσδε
765 1960 960 2009 τοίνυν
985 1956 1164 2019 δεξιᾶς
1189 1956 1317 2023 ἐμῆς
1341 1958 1488 2022 θίγε.

447 2037 637 2107 ψαύω,
666 2037 938 2103 θανόντος
962 2044 1063 2093 σοῦ
1089 2034 1207 2092 τόδ’
1239 2041 1514 2101 ἐκλείψειν
1541 2036 1696 2106 φάος.

445 2119 597 2193 κάγω
624 2124 912 2193 στερηθεὶς
936 2128 1038 2178 σοῦ
1064 2121 1369 2192 τελευτήσω
1398 2127 1538 2191 βίον.
1835 2133 1921 2176 840

448 2229 563 2271 πως
588 2208 690 2262 οὐν
714 2204 1030 2278 θανούμεθ’
1060 2226 1197 2261 ωστε
1221 2208 1313 2261 καὶ
1339 2205 1505 2272 δόξαν
1529 2211 1750 2276 λαβεῖν·
1737 2248 1751 2272 ,

442 2289 697 2363 τύμβου’
705 2294 766 2347 πὶ
790 2292 947 2347 νώτω
973 2292 1032 2347 σε
1056 2314 1274 2347 κτανων
1298 2291 1390 2362 έμε
1414 2312 1606 2345 κτενω.

449 2382 670 2443 πρῶτον
695 2374 747 2432 δ’
776 2373 965 2448 ἀγῶνα
989 2379 1164 2448 μέγαν
1188 2373 1584 2447 ἀγωνιούμεθα

448 2463 694 2531 λέκτρων
717 2459 857 2533 ὑπὲρ
882 2468 1020 2517 σῶν·
1055 2458 1081 2516 ὁ
1110 2460 1170 2516 δὲ
1194 2464 1380 2516 θέλων
1410 2468 1507 2515 ἴτω
1534 2461 1723 2525 πέλας·

449 2544 509 2600 τὸ
545 2544 795 2614 Τρωικὸν
819 2545 923 2618 γὰρ
951 2544 1018 2601 οὐ
1044 2551 1390 2616 καταισχυνῶ
1415 2547 1573 2608 κλέος
1838 2555 1921 2599 845

451 2627 577 2684 οὐδ’
603 2628 815 2686 Ἑλλάδ’
845 2630 1030 2687 ἐλθών
1055 2630 1296 2702 λήψομαι
1320 2628 1500 2685 πολὺν
1529 2629 1724 2701 ψόγον,

450 2711 597 2779 ὅστις
622 2718 785 2771 Θέτιν
808 2716 908 2786 μὲν
934 2713 1178 2787 ἐστέρησ’
1209 2713 1509 2785 Ἀχιλλέως,

458 2806 812 2870 Τελαμωνίου
838 2798 889 2855 δ’
920 2809 1155 2864 Αἴαντος
1184 2804 1421 2855 εἰσεῖδον
1445 2797 1676 2869 σφαγάς,

447 2882 545 2938 τὸν
568 2886 797 2953 Νηλέως
827 2883 878 2939 τ’
907 2883 1138 2941 ἄπαιδα*
1167 2883 1259 2940 διὰ
1284 2885 1345 2940 δὲ
1366 2882 1467 2954 τὴν
1491 2882 1626 2954 ε’μὴν
