2022 3126
110 236 222 286 XO.

117 404 214 452 ΤΡ.

730 88 1150 134 ΙΠΠΟΛΤΤΟΣ

298 236 408 301 φεῦ
435 236 569 300 φεῦ·
597 229 656 284 τὸ
684 235 911 298 σῶφρον
937 225 1008 291 ὡς
1033 225 1352 297 ἁπανταχοῦ
1375 229 1546 282 καλὸν

295 316 386 369 καὶ
411 314 578 380 δόξαν
601 311 809 382 ἐσθλὴν
833 314 893 367 ἐν
916 318 1133 382 βροτοῖς
1159 315 1473 381 καρπίζεται-

298 394 570 466 δέσποιν’,
597 399 721 467 ἐμοί
743 419 825 451 τοι
844 393 1137 466 συμφορὰ
1129 396 1229 451 μὲν
1256 392 1455 465 ἀρτίως

298 479 329 551 ἡ
355 479 422 552 σὴ
447 482 683 551 παρέσχε
708 480 896 535 δεινὸν
920 484 1179 565 ἐξαίφνης
1206 479 1409 550 φόβον·

295 571 404 620 νῦν
433 562 487 620 δ’
519 569 816 635 ἐννοοῦμαι
841 570 1053 635 φαῦλος
1076 566 1239 618 οὐσα·
1267 560 1372 618 κάν
1406 569 1620 634 βροτοῖς

298 654 360 704 αἱ
379 650 639 719 δεύτεραί
663 672 777 713 πως
803 653 1095 719 φροντίδες
1123 648 1452 717 σοφώτεραι.

298 731 365 788 οὐ
396 732 500 804 γὰρ
526 731 791 804 περισσὸν
814 731 984 787 οὐδὲν
1009 729 1133 787 οὐδ’
1170 735 1269 797 ἔξω
1293 731 1462 802 λόγου

297 819 605 882 πέπονθας·
632 815 793 888 ὀργαὶ
817 814 870 872 δ’
901 822 975 881 εἰς
1000 813 1052 871 σ’
1081 819 1396 886 ἐπέσκηψαν
1420 822 1570 879 θεᾶς.

295 905 446 975 ε’ρᾷς·
473 909 531 956 τί
548 906 710 956 τοῦτο
733 907 953 971 θαῦμα;
980 899 1086 955 σὺν
1110 907 1331 964 πολλοῖς
1360 906 1589 970 βροτῶν.

294 983 507 1040 κᾶπειτ’
537 991 735 1056 ἔρωτος
765 990 947 1041 εἵνεκα
983 983 1168 1054 ψυχὴν
1193 981 1364 1048 ὄλεῖς;

297 1067 365 1125 οὔ
388 1067 525 1140 τᾶρα
548 1068 669 1124 λύει
693 1081 805 1134 τοῖς
829 1071 994 1139 ἐρῶσι
1016 1075 1127 1123 τῶν
1150 1070 1315 1132 πέλας

294 1151 414 1209 ὅσοι
442 1177 499 1208 τε
528 1151 810 1223 μέλλουσ’,
837 1159 888 1208 εἰ
907 1162 1107 1208 θανεῖν
1132 1149 1335 1216 αὐτοὺς
1359 1152 1560 1223 χρεών·

295 1233 510 1307 Κύπρις
533 1236 638 1308 γὰρ
665 1235 733 1292 οὐ
758 1237 1024 1309 φορητός,
1053 1234 1122 1307 ἢν
1145 1234 1318 1306 πολλὴ
1345 1239 1478 1307 ῥυῇ·

292 1319 329 1392 ἢ
351 1320 448 1377 τὸν
472 1321 573 1392 μὲν
600 1320 812 1377 εἰ’κονθ’
841 1319 1016 1394 ἡσυχῇ
1041 1323 1370 1392 μετέρχεται,

293 1403 360 1461 δν
384 1411 416 1460 δ
424 1404 437 1423 ²
467 1403 535 1460 ἂν
559 1405 823 1476 περισσὸν
846 1408 939 1461 καὶ
964 1403 1277 1476 φρονοῦνθ’
1310 1402 1446 1477 εὕρῃ
1471 1406 1625 1476 μέγα,

292 1497 487 1545 τοῦτον
511 1497 785 1561 λαβοῦσα,
813 1498 926 1555 πῶς
952 1495 1157 1556 δοκεῖς;
1184 1489 1544 1561 καθύβρισεν.

295 1581 458 1647 φοιτᾷ
491 1572 541 1629 δ’
577 1572 666 1629 ἀν’
695 1572 902 1645 αἰθέρ’,
930 1580 1042 1630 ἔστι
1067 1572 1120 1629 δ’
1151 1577 1210 1629 ἐν
1237 1579 1522 1647 θαλασσίῳ

291 1659 536 1714 κλύδωνι
560 1658 801 1729 Κύπρις,
838 1682 1013 1715 παντα
1038 1656 1089 1713 δ’
1119 1661 1176 1713 ἐκ
1200 1658 1399 1729 ταύτης
1424 1664 1558 1729 ε’φυ·

295 1740 384 1813 ἥδ’
415 1746 564 1798 ἐστὶν
588 1740 619 1814 ἡ
650 1749 953 1814 σπείρουσα
981 1745 1073 1798 καὶ
1099 1741 1317 1798 διδοῦσ’
1349 1748 1492 1812 ἔρον,

293 1829 360 1882 οὑ
387 1827 585 1891 πάντες
615 1828 774 1897 ἐσμεν
798 1851 850 1882 οι
879 1827 1016 1883 κατὰ
1039 1825 1200 1898 χθόν’
1230 1833 1462 1898 ἔκγονοι.

293 1930 411 1967 οσοι
433 1935 534 1982 μεν
557 1913 660 1966 οὑν
682 1912 898 1983 γραφάς
923 1935 979 1967 τε
1003 1918 1113 1967 τῶν
1139 1913 1481 1981 παλαιτέρων

294 2002 514 2066 ἔχουσιν
537 1994 702 2050 αὐτοί
720 1994 766 2050 τ’
798 1999 938 2051 εἰσὶν
963 2000 1022 2051 ἐν
1046 1996 1276 2067 μούσαις
1300 1994 1404 2065 ἀεί,

294 2088 439 2135 ἴσασι
463 2081 563 2151 μὲν
585 2080 726 2145 Ζεὺς
755 2077 828 2145 ὥς
851 2078 973 2136 ποτ’
1002 2078 1221 2152 ἠράσθη
1245 2077 1435 2151 γάμων

292 2166 562 2235 Σεμέλης,
589 2173 735 2220 ἴσασι
763 2164 815 2220 δ’
852 2162 923 2230 ὥς
953 2163 1268 2236 ἀνήρπασέν
1292 2186 1421 2218 ποτε

291 2246 323 2318 ἡ
348 2246 718 2319 καλλιφεγγὴς
745 2251 1008 2320 Κέφαλον
1035 2255 1110 2313 εἰς
1132 2248 1303 2312 θεοὺς
1318 2245 1454 2312 ‘'Ea-,9

293 2338 493 2402 ἔρωτος
528 2329 726 2387 εἵνεκ’·
768 2331 888 2388 ἀλλ’
920 2330 1066 2404 ὅμως
1089 2337 1148 2388 ἐν
1172 2331 1393 2406 οὐρανῷ

292 2421 513 2471 ναίουσι
539 2414 641 2471 κού
666 2417 975 2488 φεύγουσιν
999 2416 1251 2472 ἐκποδὼν
1272 2415 1460 2486 θεούς,

291 2502 582 2571 στέργουσι
608 2498 680 2570 δ’,
707 2499 882 2572 οἶμαι,
909 2508 1168 2575 συμφορᾷ
1190 2500 1500 2572 νικώμενοι.

292 2582 362 2639 σύ
388 2583 440 2639 δ’
469 2582 572 2640 οὐκ
598 2582 804 2653 ἀνέξεις
823 2592 967 2691 χρῆν
996 2583 1047 2640 σ’
1076 2587 1164 2641 ε’πὶ
1188 2588 1367 2657 ῥητοῖς
1390 2583 1495 2655 ἄρα

291 2671 496 2739 πατέρα
522 2669 788 2739 φυτεύειν
810 2667 845 2740 ἢ
868 2667 950 2724 ’πὶ
975 2669 1261 2735 δεσπόταις
1283 2678 1438 2733 θεοῖς

292 2750 568 2823 ἄλλοισιν,
596 2759 645 2808 εἰ
665 2752 738 2825 μὴ
762 2754 962 2809 τούσδε
986 2777 1048 2826 γε
1071 2757 1305 2822 στέρξεις
1327 2754 1545 2824 νόμους.

291 2836 495 2899 πόσους
524 2842 703 2902 δοκεῖς
727 2837 793 2908 δὴ
818 2835 972 2906 κάρτ’
1002 2844 1222 2909 ἔχοντας
1244 2839 1306 2894 εὐ
1338 2844 1566 2905 φρενῶν

1661 85 1762 134 429

1678 578 1758 620 435

1674 1419 1756 1462 445

1673 1841 1757 1884 450

1672 2262 1754 2304 455

1668 2681 1754 2724 460
