2022 3126
684 103 1141 150 ΑΝΔΡΟΜΑΧΗ
1651 102 1720 150 65

251 245 345 301 καὶ
366 248 475 298 νῦν
497 263 564 312 με
589 245 781 311 βωμοῦ
809 241 1060 308 Θέτιδος,
1092 236 1128 310 ἢ
1151 239 1248 294 τὸν
1275 238 1476 312 εὐγενῆ
1639 259 1719 301 565

253 328 432 384 ἔτικτέ
449 343 536 381 σοι
562 322 736 392 παῖδ’,
763 320 834 393 ἢν
859 321 929 377 σύ
953 322 1286 394 θαυμαστὴν
1311 328 1506 396 σέβεις,

252 407 446 483 ἄγουσ’
475 405 919 476 ἀποσπάσαντες,
951 404 1080 462 οὔτε
1102 430 1177 481 τω
1203 413 1330 480 δίκῃ

251 502 538 567 κρίναντες
569 493 696 546 οὔτε
719 491 850 557 τοὺς
874 489 1116 556 ἀπόντας
1141 495 1199 546 ἐκ
1225 493 1412 563 δόμων

249 585 564 651 μείναντες,
595 575 734 632 ἀλλὰ
759 575 859 647 τὴν
882 575 1019 647 ἐμὴν
1046 579 1278 648 ἐρημίαν
1711 650 1713 653 Ι

250 663 474 733 γνόντες
497 664 694 717 τέκνου
720 684 777 716 τε
802 659 990 730 τοῦδ’,
1021 657 1087 716 ὂν
1113 659 1282 717 ουδεν
1307 671 1485 718 αἴτιον
1637 655 1719 719 576

247 749 508 819 μέλλουσι
533 745 640 801 σὺν
664 748 784 816 ἐμοὶ
808 753 872 818 τῇ
897 746 1226 820 ταλαιπώρω
1252 760 1490 802 κτανεῖν.

250 829 372 887 ἀλλ’
403 829 633 898 ἀντιάζω
660 828 711 885 σ’
731 832 815 901 ,ώ
841 832 1034 901 γέρον,
1064 836 1175 885 τῶν
1200 837 1315 886 σῶν
1343 831 1514 903 πάρος

249 923 519 972 πίτνουσα
543 875 820 986 γονάτῶν,
845 916 986 985 χειρὶ
1012 912 1064 970 δ’
1098 912 1200 970 οὐκ
1226 918 1404 982 ἔξεστί
1423 939 1515 987 μοι

248 1007 342 1072 τῆς
365 1007 462 1071 σῆς
486 1002 758 1071 λαβέσθαι
781 1000 1042 1071 φιλτάτης
1066 1001 1365 1071 γενειάδος,

251 1089 422 1157 ῥῦσαί
440 1108 507 1155 με
532 1083 669 1154 πρὸς
691 1091 869 1139 θεῶν·
901 1090 951 1139 εἰ
972 1085 1034 1139 δὲ
1057 1085 1155 1156 μή,
1182 1086 1518 1156 θανούμεθα
1634 1098 1716 1144 575

249 1175 484 1241 αἰσχρῶς
509 1170 611 1240 μὲν
640 1166 802 1240 ὑμῖν,
830 1175 1114 1239 δυστυχῶς
1139 1167 1191 1224 δ’
1224 1173 1369 1241 ἐμοί,
1396 1173 1578 1242 γέρον.

60 1260 184 1310 ΠΗ.
244 1260 417 1325 χαλᾶν
440 1255 649 1310 κελεύω
675 1254 849 1325 δεσμὰ
873 1256 1005 1322 πρὶν
1029 1261 1244 1310 κλαίειν
1268 1256 1408 1324 τινά,

248 1342 339 1394 καὶ
363 1343 528 1409 τῆσδε
557 1352 738 1411 χεῖρας
764 1339 1064 1409 διπτύχους
1089 1336 1319 1394 ἀνιέναι.

60 1431 185 1479 ΜΕ.
246 1427 351 1494 ε’γῶ
380 1421 432 1478 δ’
461 1421 693 1479 ἀπαυδῶ
716 1422 888 1478 τάλλα
916 1423 965 1478 τ’
988 1446 1088 1493 ουχ
1110 1421 1298 1494 ἥσσων
1322 1427 1490 1479 σέθεν

246 1511 338 1563 καὶ
361 1513 527 1579 τῆσδε
553 1513 737 1574 πολλῶ
762 1508 1097 1579 κυριώτερος
1121 1509 1310 1579 γεγώς.
1632 1522 1716 1564 580

58 1599 181 1647 ΠΗ.
241 1599 384 1659 πῶς;
410 1594 442 1663 ἠ
466 1596 535 1649 σύ
567 1597 650 1648 τοι
694 1594 825 1662 εμὸν
857 1591 1010 1647 οἶκον
1039 1593 1320 1661 οἰκήσεις
1312 1592 1496 1646 ιιολῶν

248 1674 438 1747 δεῦρ,
426 1703 437 1713 ·
475 1675 575 1747 οὐχ
600 1675 719 1741 άλις
744 1695 830 1733 σοι
854 1683 966 1732 τῶν
990 1675 1126 1732 κατὰ
1160 1677 1428 1748 Σπάρτην
1462 1691 1713 1749 κρατεῖν,

57 1768 184 1815 ΜΕ.
247 1759 396 1817 εἷλόν
417 1785 510 1816 νιν
537 1762 881 1832 αἰχμάλωτον
906 1765 964 1816 ἐκ
996 1768 1195 1831 Τροίας
1221 1761 1344 1832 ἐγώ.

55 1852 180 1900 ΠΗ.
245 1843 414 1916 ουμὸς
437 1849 503 1901 δέ
524 1844 576 1916 γ’
608 1844 783 1917 αὐτὴν
808 1852 970 1917 ἔλαβε
995 1859 1121 1912 παῖς
1146 1846 1342 1911 παιδὸς
1366 1850 1542 1920 γέρας.

56 1937 183 1984 ΜΕ.
242 1928 452 1986 οὔκουν
476 1933 696 1986 ἐκείνου
721 1929 862 2002 τάμὰ
887 1928 1146 1987 τάκείνου
1172 1929 1221 1986 τ’
1250 1931 1378 2002 ἐμά;
1632 1947 1714 1990 585

55 2021 179 2069 ΠΗ.
243 2020 383 2087 δρᾶν
408 2007 498 2085 εὖ,
525 2022 706 2080 κακῶς
730 2015 782 2071 δ
813 2012 906 2085 02²5,
933 2013 1064 2088 μηδ’
1094 2013 1441 2072 ἀποκτείνειν
1465 2023 1576 2089 βίᾳ.

55 2107 182 2154 ME.
238 2098 310 2164 ῶς
334 2097 489 2170 τήνδ’
519 2097 739 2167 ἀπάξεις
764 2098 957 2157 οὔποτ’
988 2104 1041 2168 ἐξ
1070 2103 1199 2171 ἐμῆς
1221 2102 1395 2173 χερός.

57 2191 180 2238 ΠΗ.
239 2185 499 2259 σκήπτρῳ
524 2185 585 2240 δε
609 2191 750 2241 τῶδε
775 2184 875 2241 σὸν
898 2186 1223 2256 καθαιμάξω
1248 2187 1406 2258 κάρα.

57 2275 183 2324 ME.
237 2269 457 2335 ψαῦσόν
482 2267 534 2340 γ’
543 2313 556 2338 ,
583 2268 656 2324 ι’ν’
689 2275 862 2343 εἰδῇς,
889 2273 982 2326 και
1007 2273 1172 2335 πέλας
1200 2271 1482 2343 πρόσελθέ
1501 2293 1625 2341 μου.

63 2359 183 2407 ΠΗ.
247 2375 332 2409 συ
341 2377 446 2425 γαρ
472 2352 591 2424 μετ’
621 2352 870 2427 ἀνδρῶν,
899 2348 943 2409 ῶ
968 2356 1191 2411 κάκιστε
1215 2353 1320 2411 κάκ
1344 2359 1560 2411 κακῶν·
1549 2398 1562 2421 ,
1631 2368 1712 2409 590
1742 2373 1747 2376 ·

243 2441 332 2494 σοὶ
355 2445 464 2493 ποῦ
489 2442 741 2510 μέτεστιν
766 2437 838 2503 ῶς
865 2443 924 2495 ἐν
947 2438 1216 2510 ἀνδράσιν
1240 2440 1440 2512 λόγου;

246 2519 392 2588 ὅστις
415 2522 552 2596 πρὸς
576 2521 780 2597 ἀνδρὸς
806 2523 1028 2596 Φρυγὸς
1053 2523 1370 2597 ἀπηλλάγης
1395 2526 1564 2594 λέχος,

247 2604 465 2678 ἇκλῃστ’
497 2607 707 2663 ἅδουλα
750 2607 969 2680 δώμαθ’
1001 2612 1178 2674 ἑστίας
1203 2610 1398 2679 λιπών,

247 2688 320 2755 ῶς
343 2690 412 2762 δὴ
435 2706 673 2763 γυναῖκα
697 2692 944 2766 σώφρον’
978 2697 1037 2749 ἐν
1063 2694 1251 2766 δόμοις
1279 2701 1420 2766 ἔχων

248 2781 440 2830 πασῶν
462 2785 743 2849 κακίστην.
771 2776 896 2834 οὐδ’
928 2774 996 2833 ἂν
1023 2784 1074 2833 εἰ
1094 2779 1353 2850 βούλοιτό
1377 2802 1457 2842 τις
1628 2789 1710 2832 595

247 2859 489 2932 σώφρων
512 2864 725 2931 γένοιτο
749 2867 1175 2933 Σπαρτιατίδων
1196 2863 1350 2936 κόρη,

199 2958 344 2987 Evml).
382 2959 481 2988 vox..
516 2945 548 2988 I.
1376 2941 1408 2989 5
