2022 3126
629 99 711 140 DE
742 97 1050 139 EVRIPIDIS
1080 97 1255 138 POESI
1584 95 1755 138 XXVII

135 241 216 276 cas
251 240 346 274 non
386 225 532 274 fuisse
570 229 758 272 certum
797 221 1026 271 arbitror.
1088 236 1186 270 non
1224 222 1370 270 unius
1415 224 1651 287 cuiusque
1689 228 1754 270 te·

137 295 367 357 tralogiae
414 299 638 357 quartum
694 292 859 340 drama
908 292 1060 340 fuisse
1114 292 1379 353 satyricum
1427 290 1570 340 docet
1616 305 1757 354 argu-

136 372 351 415 mentum
379 358 732 424 Alcestidis3⁹):
775 361 902 409 unde
939 361 1168 424 pauciora
1199 359 1415 407 dramata
1454 362 1661 423 satyrica
1699 361 1759 410 ab

135 432 368 495 Euripide
414 434 596 493 scripta
636 445 740 479 esse
797 444 941 492 quam
995 444 1086 493 pro
1141 427 1508 490 tragoediarum
1556 444 1761 478 numero

137 502 422 565 expectaris,
462 515 560 549 non
600 506 672 548 est
709 500 838 561 quod
878 500 1127 547 miremur.
1203 498 1264 546 de
1302 497 1616 559 chronologia
1661 506 1759 546 tra-

136 571 416 634 goediarum
455 569 829 633 Euripidearum
871 568 991 617 adeo
1036 582 1148 616 rara
1184 573 1299 616 sunt
1337 574 1385 616 et
1421 581 1591 615 manca
1632 570 1759 615 testi-

137 642 316 695 monia,
356 647 406 688 ut
444 638 788 703 plerarumque
825 645 956 687 aetas
992 636 1133 685 nobis
1170 639 1336 699 ignota
1373 636 1449 684 sit.
1512 649 1672 698 neque
1711 639 1762 684 in

138 712 297 759 animo
336 716 408 757 est
433 711 736 757 coniecturas
775 723 829 756 ea
856 707 916 755 de
945 722 1000 755 re
1038 707 1305 770 periclitari
1331 707 1497 768 utique
1534 705 1762 755 lubricas·

138 780 197 829 ab
236 779 480 827 veteribus
519 786 676 827 autem
717 778 835 825 haec
873 776 970 825 sola
1010 777 1315 837 accepimus:

209 849 386 913 olymp.
429 851 517 904 81,
572 851 596 895 1
649 847 881 894 archonte
927 845 1073 896 Callia
1121 843 1332 894 Πελιάσι
1376 847 1575 894 tertium
1623 859 1766 909 prae·

280 919 430 966 mium
468 923 609 981 poeta
648 914 848 980 tulit40).

207 988 271 1037 ol.
313 990 404 1042 85,
455 989 484 1034 2
532 986 765 1035 archonte
803 984 1041 1035 Glaucino
1090 984 1189 1046 (vel
1235 983 1493 1047 Glaucide)
1542 981 1767 1046 δεύτερος

278 1055 553 1120 Εὐριπίδης
608 1054 886 1118 Κρήσσαις,
938 1051 1203 1117 Ἀλκμέωνα,
1257 1060 1321 1122 τῷ
1375 1051 1456 1102 διὰ
1511 1053 1768 1115 Ψωφῖδος,

283 1123 502 1192 Τηλέφῳ,
536 1123 829 1187 Ἀλκήστιδι.

209 1196 272 1245 01.
313 1199 402 1252 87,
446 1200 473 1243 1
524 1195 754 1244 archonte
799 1193 1078 1258 Pythodoro
1115 1192 1269 1257 τρίτος
1319 1189 1596 1255 Εὐριπίδης
1648 1193 1769 1255 Mn·

280 1265 405 1331 ὃείᾳ,
443 1263 732 1331 Φιλοκτήτῃ,
772 1264 960 1324 Δίκτυῖ,
1003 1263 1257 1327 Θερισταῑς
1296 1262 1538 1324 σατύροις.

212 1334 276 1384 ol.
318 1338 400 1395 87,
437 1339 469 1383 4
506 1334 739 1383 archonte
775 1334 1077 1397 Epaminone
1114 1340 1302 1397 πρῶτος
1339 1329 1615 1397 Εὐριπίδης
1652 1331 1770 1395 Hip·

282 1405 445 1469 polyto
483 1401 835 1468 superstitem).

214 1474 274 1523 ol.
316 1477 405 1530 91,
448 1478 474 1523 1
517 1474 765 1537 (archonte
801 1470 1092 1533 Arimnesto)
1132 1469 1356 1534 δεύτερος
1393 1467 1669 1534 Εὐριπίδης
1707 1463 1773 1533 ἦν

278 1539 577 1609 Ἀλεξάνδρῳ
623 1541 705 1591 καὶ
748 1540 1027 1608 Παλαμήὸῃ
1074 1540 1156 1589 καὶ
1196 1539 1388 1607 Τρῳάσι
1434 1539 1517 1589 καὶ
1562 1537 1776 1607 Σισύφῳ

289 1620 532 1680 σατυρικῷ
546 1610 622 1674 4²).

217 1682 278 1732 ol.
318 1686 408 1736 91,
457 1685 490 1730 4
546 1682 780 1732 archonte
834 1681 1078 1731 Cleocrito
1123 1679 1431 1730 Andromeda
1489 1685 1536 1727 et
1590 1678 1773 1728 Helena

289 1752 447 1800 editae
484 1748 686 1813 sunt43),

216 1820 277 1870 ol.
319 1824 399 1881 92,
441 1823 474 1869 4
511 1821 677 1871 Diocle
715 1821 950 1871 archonte
988 1820 1187 1870 Orestes
1224 1819 1349 1881 (vide
1386 1825 1486 1867 not.
1526 1814 1635 1881 27).

147 1893 390 1940 incertum
440 1907 536 1954 quo
583 1906 708 1939 anno
765 1892 1052 1939 coniunctae
1107 1891 1157 1938 in
1205 1903 1432 1938 scaenam
1484 1887 1777 1952 prodierunt

150 1959 408 2024 Οἰνόμαος,
435 1959 746 2025 Χρύσιππος,
773 1957 1132 2023 Φοίνισσαι44);
1172 1960 1287 2007 item
1325 1957 1470 2022 paulo
1509 1964 1618 2022 post
1643 1972 1775 2005 mor·

148 2038 246 2079 tem
284 2037 455 2094 poetae
493 2030 584 2079 sub
622 2029 800 2094 olymp.
841 2033 904 2080 93
943 2031 1089 2079 finem
1120 2025 1381 2092 Ἰφιγένεια
1416 2023 1448 2090 ἡ
1488 2025 1542 2075 ἐν
1579 2022 1779 2089 Αὐλίδι,

146 2096 389 2163 Ἀλκμέων
425 2095 468 2160 (ὅ
507 2097 588 2148 διὰ
626 2100 916 2165 Κορίνθου),
956 2097 1146 2162 Βάκχαι
1184 2097 1307 2163 (vide
1345 2104 1445 2146 not.
1485 2096 1586 2159 25).

261 2212 333 2259 39)
365 2211 484 2250 Hinc
512 2214 644 2263 patet
675 2210 776 2251 falli
805 2209 1072 2251 Elmsleium
1102 2210 1151 2249 in
1180 2209 1287 2250 Eur.
1320 2208 1442 2249 Med.
1474 2220 1515 2260 p.
1547 2209 1616 2258 71,
1651 2208 1780 2246 cuius

150 2265 263 2306 haec
284 2270 390 2306 sunt
410 2266 572 2309 verba:
606 2267 679 2307 ‘in
711 2265 970 2318 tetralogiis
991 2265 1147 2306 XXIII
1175 2264 1443 2316 tragoediae
1464 2267 1596 2304 erant
1616 2263 1777 2312 LXIX,

153 2333 264 2372 quas
286 2325 365 2361 aut
385 2334 539 2363 omnes
560 2326 640 2362 aut
661 2321 900 2375 plerasque
923 2327 1131 2362 servatas
1161 2320 1284 2360 haud
1312 2319 1496 2360 infitior.
1548 2317 1628 2358 sed
1651 2324 1777 2367 saty-

151 2378 272 2418 ricae
293 2376 535 2430 pleraeque
557 2379 802 2429 perierant,
827 2382 928 2418 octo
945 2377 1069 2418 solae
1088 2378 1325 2417 extabant.
1360 2371 1614 2427 tragoediis
1631 2372 1777 2413 LXIX

152 2432 269 2472 adde
301 2433 526 2483 satyrieas
548 2434 668 2483 VIII,
704 2438 749 2474 et
779 2433 963 2473 fabulas
993 2432 1184 2474 habebis
1205 2431 1430 2478 LXXVII,
1464 2434 1574 2483 quot
1605 2429 1780 2470 scilicet

153 2487 259 2528 olim
289 2489 498 2529 extitisse
528 2490 712 2530 tradunt
742 2489 981 2533 nonnulli,'

261 2543 333 2593 40)
363 2544 454 2586 Vit.
486 2545 592 2584 Eur.
621 2557 688 2587 vs.
721 2547 788 2586 32.

263 2597 335 2649 41)
365 2599 549 2652 Argum.
577 2600 686 2642 Eur.
718 2600 815 2640 Alc.
848 2600 965 2641 Med.
1001 2600 1138 2653 Hipp.

261 2653 334 2706 42)
364 2655 543 2696 Aeli-an.
564 2657 616 2696 V.
639 2657 698 2696 H.
721 2657 763 2707 2,
787 2657 826 2697 8.
886 2655 940 2696 de
973 2668 1091 2696 anno
1125 2667 1212 2707 quo
1233 2653 1459 2695 Troadum
1490 2651 1650 2693 fabula
1673 2653 1781 2690 acta

155 2709 214 2804 {it
243 2710 301 2804 a}
333 2709 484 2751 Schol.
513 2712 589 2752 Ar.
619 2713 755 2764 Vesp.
789 2713 896 2752 1326
928 2715 973 2752 et
993 2712 1077 2752 AV.
1101 2713 1225 2763 1720,
1259 2710 1315 2751 de
1346 2708 1596 2751 Palamede
1628 2702 1780 2747 Schol.

196 2776 229 2804 r.
300 2778 341 2805 v.
370 2767 468 2806 842.

263 2820 338 2867 43)
369 2820 517 2861 Schol.
549 2821 625 2862 Ar.
658 2822 837 2864 Thesm.
871 2824 977 2863 1012
1009 2825 1056 2863 et
1086 2823 1208 2867 1060.

265 2874 336 2925 44)
364 2874 548 2930 Argum.
577 2879 686 2919 Eur.
716 2877 888 2920 Phoen.
