2022 3126
215 98 282 148 92

879 103 1141 148 BAKXAI

407 242 648 312 τελετάς,
677 241 753 297 ἵν’
773 251 893 313 εἴην
919 244 1167 315 ἐμφανὴς
1193 250 1409 313 δαίμων
1434 250 1667 313 βροτοῖς.

407 327 626 395 πρώτας
651 326 712 381 δὲ
738 327 923 399 Θήβας
948 334 1113 399 τῆσδε
1138 335 1237 400 γῆς
1254 326 1571 398 Ἑλληνίδος

408 407 761 481 ἀνωλόλυξα,
790 411 1006 484 νεβρίδ’
1036 413 1234 480 ἐξάψας
1259 412 1421 483 χροὸς

405 496 627 566 θύρσον
651 519 709 552 τε
734 497 868 563 δοὺς
895 504 971 562 εἰς
995 511 1178 569 χεῖρα,
1205 504 1459 553 κίσσινον
1483 501 1661 571 βέλος,

407 583 532 636 ἐπεί
550 578 598 652 μ’
629 578 869 652 ἀδελφαὶ
891 580 1124 654 μητρός,
1152 579 1216 647 ἃς
1240 579 1410 654 ἥκιστ’
1439 585 1623 655 ἐχρῆν,

403 665 691 721 Διόνυσον
717 664 820 722 οὐκ
846 673 1093 739 ἔφασκον
1122 670 1362 738 ἐκφῦναι
1385 668 1540 739 Διός,

405 752 661 822 Σεμέλην
687 752 748 807 δε
771 761 1202 823 νυμφευθεῖσαν
1228 755 1287 807 ἐκ
1313 759 1528 823 θνητοῦ
1554 777 1703 819 τινος

407 841 483 900 εις
507 833 636 907 Ζῆν’
663 833 968 908 ἀναφέρειν
992 837 1093 939 την
1119 835 1391 908 αμαρτιάν
1415 839 1626 910 λέχους,

402 920 638 992 Κάδμου
663 920 984 992 σοφίσμαθ’,
1013 925 1093 977 ῶν
1117 947 1208 978 νιν
1249 928 1436 980 εινεκα
1460 936 1684 980 κτανεῖν

402 1003 528 1076 Ζῆν’
565 1005 951 1078 εξεκαυχῶνθζ
979 1005 1063 1064 ὅτι
1086 1008 1297 1079 γάμους
1321 1008 1607 1073 ἐψεύσατο.

403 1091 592 1162 τοιγάρ
619 1115 712 1146 νιν
737 1091 909 1157 αὐτὰς
934 1096 993 1148 ἐκ
1019 1093 1207 1164 δόμων
1241 1087 1478 1165 ᾦστρησ’
1508 1093 1614 1165 ἐγώ

401 1183 651 1242 μανίαις·
701 1174 829 1248 ὅρος
854 1175 907 1232 δ’
938 1184 1154 1234 οἰκοῦσι
1181 1177 1492 1248 παράκοποι
1518 1186 1769 1250 φρενῶν·

403 1262 614 1332 σκευήν
639 1259 677 1315 τ’
708 1268 855 1332 ἔχειν
878 1260 1150 1334 ἠνάγκασ’
1181 1260 1390 1334 ὀργίων
1415 1266 1579 1335 ἐμῶν,

401 1349 493 1401 καὶ
519 1352 630 1402 πᾶν
655 1345 713 1401 τὸ
741 1354 893 1418 θῆλυ
919 1351 1133 1418 σπέρμα
1158 1352 1459 1418 Καδμείων
1482 1346 1607 1405 ὅσαι

400 1445 662 1502 γυναῖκες
688 1424 830 1502 ἦσαν
863 1435 1093 1504 ἐξέμηνα
1119 1433 1418 1504 δωμάτων·

401 1513 544 1587 ὁμοῦ
573 1517 634 1572 δε
658 1517 893 1588 Κάδμου
921 1520 1113 1573 παισιν
1141 1516 1582 1589 ἀναμεμιγμέναι

398 1608 638 1673 χλωραῖς
663 1599 753 1657 ὑπ’
783 1602 1000 1668 ἐλάταις
1025 1601 1326 1675 ἀνορόφοις
1350 1627 1511 1674 ηνται
1535 1606 1774 1676 πέτραις.

400 1691 490 1741 δεῖ
514 1711 619 1758 γαρ
646 1687 812 1743 πόλιν
836 1686 994 1759 τηνδ’
1024 1692 1319 1760 ἐκμαθεῖν,
1352 1695 1440 1745 κει
1460 1688 1533 1761 μὴ
1558 1691 1731 1761 θέλει,

399 1770 690 1828 ἀτέλεστον
714 1765 891 1828 οὖσαν
915 1780 1027 1829 τῶν
1057 1777 1205 1845 ἐμῶν
1233 1774 1647 1846 βακχευμάτων,

399 1860 647 1929 Σεμέλης
672 1880 730 1913 τε
753 1862 960 1928 μητρὸς
986 1857 1451 1930 ἀπολογήσασθαί
1468 1857 1516 1930 μ’
1546 1856 1688 1931 ὕπερ

399 1944 645 2012 φανέντα
670 1951 899 2013 θνητοῖς
927 1940 1161 2014 δαί’μον,
1189 1967 1255 1999 ον
1280 1950 1453 2000 τίκτει
1482 1950 1598 2000 Διί.

398 2027 656 2098 Κάδμος
650 2051 750 2083 αεν
778 2030 883 2083 οὐν
914 2031 1079 2101 γέρας
1104 2052 1162 2084 τε
1186 2052 1279 2083 και
1303 2033 1610 2096 τυραννίδα

397 2119 617 2168 Πενθεῖ
637 2117 835 2168 δίδωσι
860 2113 1144 2185 θυγατρὸς
1169 2114 1524 2185 ἐκπεφυκότι,

399 2193 460 2261 ὃς
489 2206 762 2268 θεομαχεῖ
780 2197 845 2253 τὰ
870 2195 980 2253 κατ’
1011 2198 1104 2270 ἐμε
1127 2200 1219 2254 καὶ
1247 2196 1556 2254 σπονδῶν’
1535 2197 1642 2255 άπο

397 2279 542 2338 ῶθεῖ
560 2279 609 2354 μ’
641 2286 701 2338 ἐν
728 2280 913 2354 ευχαῖς
937 2281 976 2338 τ’
1009 2281 1268 2355 ουδαμῶς
1291 2290 1490 2355 μνείαν
1515 2290 1641 2355 ἔχει.

396 2359 475 2421 ῶν
516 2368 680 2424 εἵνεκ’
712 2365 864 2423 αυτῶ
890 2371 1023 2435 θεὸς
1048 2366 1226 2440 γεγῶς
1249 2371 1560 2440 ἐνδείξομαι

398 2458 568 2507 πᾶσίν
593 2476 652 2508 τε
679 2459 1023 2524 Θηβαίοισιν.
1083 2460 1159 2519 εις
1184 2450 1238 2509 δ’
1269 2451 1443 2525 άλλην
1465 2454 1673 2526 χθόνα,

393 2536 639 2592 τᾶνθένδ
644 2561 668 2592 ε
690 2540 928 2608 θέμενος
953 2532 1045 2609 εὖ,
1073 2539 1390 2610 μεταστήσω
1416 2539 1578 2610 πόδα,

396 2620 622 2686 δεικνὺς
647 2623 914 2693 ἐμαυτόν·
961 2619 1032 2694 ἦν
1056 2625 1118 2680 δὲ
1144 2630 1407 2695 Θηβαίων
1437 2624 1595 2690 πόλις

392 2703 532 2779 ὀργῇ
558 2726 666 2762 συν
690 2704 881 2772 ὅπλοις
907 2706 1009 2775 ἐξ
990 2707 1158 2779 όρους
1180 2709 1397 2780 Βάκχας
1421 2705 1581 2780 άγειν

392 2798 548 2864 ζητῇ,
576 2792 808 2857 συνάψω
834 2791 1064 2863 μαινάσι
1091 2799 1496 2864 στρατηλατῶν.

394 2877 474 2931 ῶν
508 2875 675 2932 εἵνεκ’
711 2876 855 2942 εἶδος
879 2877 1095 2947 θνητὸν
1120 2877 1407 2946 ἀλλάξας”
1379 2902 1484 2950 εχω

1827 517 1882 559 25

1826 942 1881 982 30

1822 1365 1875 1408 35

1821 1792 1875 1833 45

1819 2215 1872 2257 45

1817 2640 1871 2681 50
