2022 3126
197 85 301 138 214
899 87 1156 135 EAENH

198 237 313 286 XO.
385 227 610 300 οἰκτρὸν
636 229 738 299 μὲν
763 232 822 283 οἱ
840 227 1109 299 παρόντες
1134 230 1194 283 ἐν
1218 230 1366 301 μέσῳ
1390 229 1563 300 λόγοι,

389 317 582 385 οἰκτρὰ
608 313 669 369 δὲ
692 314 786 368 καὶ
811 312 897 368 σύ.
933 311 1062 377 τοὺς
1088 311 1150 368 δὲ
1173 314 1441 368 Μενέλεω
1466 320 1628 370 ποθῶ
1785 330 1870 373 945

388 399 590 471 λόγους
612 396 849 454 ἀκοῦσαι
871 405 1024 463 τίνας
1049 400 1165 467 ἐρεῖ
1185 404 1363 469 ψυχῆς
1389 400 1532 470 πέρι.

201 491 322 542 ΜΕ.
381 483 488 557 έγῶ
515 482 618 539 σὸν
642 480 763 539 οὔτ’
791 479 861 539 ὅὶν
885 496 1221 554 προσπεσεῖν
1245 488 1440 555 τλαίην
1463 483 1604 555 γόνυ

391 566 513 626 οὔτ’
545 564 615 624 ἂν
643 573 919 641 δακρῦσαι
943 570 1222 640 βλέφαρα·
1253 567 1355 639 τὴν
1388 575 1594 641 Τροίαν
1617 567 1723 643 γὰρ
1749 567 1817 627 ἂν

388 656 562 711 δειλοὶ
587 654 878 725 γενόμενοι
903 661 1161 710 πλεῖστον
1184 654 1542 725 αἰσχύνοιμεν
1566 651 1651 710 ἄν.

390 745 568 796 καίτοι
593 741 852 811 λέγουσιν
877 736 949 803 ῶς
972 738 1109 811 πρὸς
1133 737 1335 811 ἀνδρὸς
1368 737 1634 811 εὐγενοῦς
1787 755 1872 798 950

391 828 451 881 ἐν
477 828 814 897 ξυμφοραῖσι
839 822 1039 896 δάκρυ’
1070 822 1165 881 ἀπ’
1195 822 1509 897 ὀφθαλμῶν
1534 832 1743 897 βαλεῖν.

389 907 510 966 ἀλλ’
546 908 671 981 οὐχὶ
695 916 855 967 τοῦτο
880 909 940 966 τὸ
968 910 1169 981 καλόν,
1197 916 1248 966 εἰ
1278 909 1451 966 καλὸν
1475 911 1619 982 τόδε,

390 996 684 1068 αἱρήσομαι
707 993 807 1068 ’γῶ
834 995 1050 1066 πρόσθε
1072 1002 1167 1068 τῆς
1193 993 1477 1067 εὐψυχίας.

391 1078 514 1138 ἀλλ’
546 1087 597 1136 εἰ
617 1081 718 1152 μὲν
745 1079 924 1151 ἄνδρα
948 1099 1034 1137 σοι
1060 1087 1218 1138 δοκεῖ
1236 1088 1412 1137 σῶσαι
1436 1084 1595 1148 ξένον

389 1166 658 1239 ζητοῦντά
681 1164 738 1237 μ’
770 1164 957 1238 ὀρθῶς
987 1164 1290 1239 ἀπολαβεῖν
1316 1164 1549 1239 δάμαρτ’
1579 1166 1732 1239 ἐμήν,
1789 1181 1871 1225 955

390 1249 598 1316 ἀπόδος
622 1275 680 1306 τε
706 1253 798 1307 καὶ
822 1251 959 1322 πρὸς
983 1258 1193 1308 σῶσον·
1223 1258 1274 1308 εἰ
1297 1253 1357 1308 δὲ
1381 1251 1454 1324 μὴ
1481 1258 1651 1323 δοκεῖ,

391 1335 497 1410 ε’γῶ
527 1337 628 1408 μὲν
653 1334 719 1393 οὐ
745 1342 854 1393 νῦν
880 1343 1129 1408 πρῶτον,
1157 1335 1295 1393 ἀλλὰ
1322 1338 1582 1403 πολλάκις

392 1421 588 1488 ἅθλιος
613 1418 683 1478 ἂν
709 1431 856 1494 εἰήν,
886 1421 956 1479 σὺ
983 1423 1044 1478 δὲ
1070 1421 1214 1495 γυνὴ
1242 1422 1383 1494 κακὴ
1411 1436 1596 1494 φανεῖ.

389 1506 424 1565 ἃ
450 1506 500 1564 δ’
536 1504 646 1575 ἄξι’
680 1505 837 1580 ἡμῶν
861 1510 953 1564 καὶ
979 1505 1154 1564 δίκαι’
1185 1505 1476 1581 ἡγούμεθα

389 1597 482 1650 καὶ
507 1599 605 1665 σῆς
628 1593 862 1665 μάλιστα
885 1599 1116 1667 καρδιας
1141 1592 1470 1665 ἀνθάψεται,
1790 1607 1874 1652 960

390 1682 525 1747 λεξω
557 1677 678 1734 τάδ’
709 1677 852 1752 ἀμφὶ
874 1685 1061 1752 μνῆμα
1085 1687 1187 1737 σοῦ
1214 1678 1418 1748 πατρὸς
1445 1680 1656 1738 πεσών·

394 1768 435 1822 ῶ
461 1768 654 1838 γέρον,
682 1761 741 1831 ὂς
766 1772 934 1832 οἰκεῖς
959 1765 1122 1822 τόνδε
1147 1766 1341 1822 λάινον
1365 1766 1562 1836 τάφον,

391 1849 624 1921 ἀπόδος,
652 1848 866 1907 ἀπαιτῶ
890 1851 992 1923 τὴν
1017 1850 1152 1923 ἐμὴν
1178 1851 1428 1924 δάμαρτά
1455 1870 1532 1921 σε,

392 1935 464 2008 ἣν
487 1934 627 2001 Ζεὺς
653 1941 861 2008 ἔπεμψε
892 1937 1063 2009 δεῦρό
1092 1957 1178 1993 σοι
1203 1937 1396 2004 σώζειν
1420 1938 1553 2007 ε’μοί.

390 2019 499 2079 οἶδ’
535 2017 723 2091 οὕνεχ’
753 2019 885 2093 ἡμῖν
913 2019 1107 2078 οὔποτ’
1138 2019 1399 2092 ὀφλήσεις
1427 2021 1649 2077 θανών·
1788 2034 1873 2079 965

393 2104 514 2164 ἀλλ’
544 2103 616 2177 ἥδ
622 2128 646 2160 ε
671 2110 879 2180 πατέρα
900 2110 1108 2177 νέρθεν
1133 2105 1591 2177 ἀνακαλούμενον

392 2191 495 2250 οὐκ
522 2188 742 2258 άξιῶσει
767 2192 865 2249 τὸν
888 2195 1022 2262 πρὶν
1048 2189 1439 2249 εὐκλεέστατον

391 2284 572 2342 κακῶς
597 2275 858 2334 ἀκοῦσαι·
887 2284 1056 2347 κυρία
1080 2278 1184 2350 γάρ
1213 2281 1324 2333 ἐστι
1350 2283 1475 2333 νῦν.

396 2356 440 2420 ῶ
463 2360 678 2434 νέρτερ’
700 2361 887 2436 ’Ἄιὸη,
914 2365 1006 2420 καὶ
1031 2364 1091 2420 σὲ
1115 2363 1401 2435 σύμμαχον
1425 2368 1593 2432 καλῶ,

391 2448 452 2515 ὃς
477 2446 635 2506 πόλλ’
664 2451 829 2515 ἐδέξω
860 2447 1016 2520 τῆσδ’
1046 2451 1197 2505 ἕκατι
1225 2449 1446 2520 σώματα
1788 2458 1873 2505 970

393 2534 634 2591 πεσόντα
658 2532 821 2610 τῶμῶ
847 2535 1144 2609 φασγάνῳ,
1170 2534 1378 2605 μισθὸν
1403 2530 1455 2589 δ’
1487 2539 1652 2603 ἔχεις·

393 2622 427 2693 ἢ
453 2628 563 2675 νῦν
588 2623 838 2686 ἐκείνους
864 2617 1069 2685 ἀπόδος
1094 2619 1375 2691 ἐμψύχους
1399 2618 1584 2688 πάλιν,

391 2701 428 2778 ἢ
451 2700 608 2777 τήνδ’
637 2703 954 2777 ἀνάγκασόν
979 2729 1041 2777 γε
1064 2704 1136 2770 ιιὴ
1164 2703 1431 2775 εὐσεβοῦς
1455 2703 1663 2775 πατρὸς

394 2788 546 2862 ἥσσω
572 2804 846 2862 φανεῖσαν
870 2789 995 2863 τᾶμ’
1025 2788 1335 2846 ἀπολλύναι
1360 2791 1504 2860 λέχη.

393 2881 445 2932 εἰ
464 2872 518 2930 δ’
553 2875 646 2947 ἐμὲ
669 2890 907 2948 γυναῖκα
931 2875 1031 2949 τὴν
1055 2874 1192 2947 ε’μὴν
1216 2875 1499 2946 συλήσετε,
1785 2881 1875 2930 975
