2022 3126
746 113 1165 160 ΙΠΠΟΛΥΤΟΣ
1667 109 1767 160 453

315 255 478 318 πέλας
499 258 738 324 χαλινῶν
764 252 1064 323 εἱπόμεσθα
1086 251 1323 324 δεσπότῃ

313 336 414 409 τὴν
439 335 614 401 εὐθὺς
632 334 870 407 ’Ἄργους
894 334 1261 407 κάπιδαυρίας
1285 334 1431 393 ὁδόν.

317 422 434 477 ἐπεὶ
457 418 510 477 δ’
540 427 742 492 ἔρημον
764 426 946 491 χῶρον
971 420 1370 491 εἰσεβάλλομεν,

315 503 451 576 ἀκτή
471 528 551 569 τις
574 511 686 560 ἔστι
715 502 1040 559 τούπέκεινα
1065 509 1229 574 τῆσδε
1253 510 1350 575 γῆς

313 588 449 661 πρὸς
477 589 681 644 πόντον
705 586 809 659 ἤδη
833 592 1054 659 κειμένη
1080 588 1424 659 Σαρωνικόν.
1666 606 1771 648 1200

315 679 483 729 ἔνθεν
507 697 586 739 τις
608 670 720 744 ἠχώ
747 672 970 743 χθόνιος
996 670 1067 737 ὡς
1092 672 1294 744 βροντὴ
1320 672 1457 738 Διὸς

314 757 495 829 βαρὺν
520 757 728 829 βρόμον
751 763 960 827 μεθῆκε
985 756 1237 828 φρικώδη
1261 757 1477 812 κλύειν·

315 840 492 911 ὀρθὸν
517 842 578 896 δε
600 839 755 913 κρᾶτ’
785 848 1017 912 ἐστησαν
1041 842 1137 905 οὐς
1160 838 1209 895 τ’
1236 844 1289 906 ἐς
1313 838 1555 913 οὐρανὸν

315 931 494 981 ἵπποι
520 922 649 996 παρ’
679 923 809 995 ἡμῖν
835 923 886 979 δ’
914 926 985 995 ἦν
1009 922 1181 996 φόβος
1204 925 1456 990 νεανικὸς

315 1010 457 1066 πόθε
460 1033 493 1064 ν
515 1008 636 1065 ποτ’
668 1017 750 1079 εἴη
777 1008 1043 1080 φθόγγος.
1073 1015 1148 1073 εἰς
1173 1006 1224 1064 δ’
1253 1006 1588 1079 ἁλιρρόθους
1663 1026 1769 1067 1205

314 1091 476 1158 ἀκτὰς
501 1091 907 1165 ἀποβλέψαντες
933 1090 1083 1164 ἱερὸν
1110 1098 1328 1163 εἴδομεν

311 1174 444 1248 κῦμ’
472 1174 692 1252 οὐρανῷ
720 1183 996 1248 στηρίζον,
1024 1174 1152 1232 ὥστ’
1187 1175 1443 1250 ἀφῃρέθη

315 1267 633 1333 Σκείρωνος
659 1258 824 1326 ἀκτὰς
845 1258 990 1332 ὄμμα
1015 1259 1220 1332 τούμὸν
1252 1267 1497 1331 εἰσορᾶν·

316 1352 547 1417 ἔκρυπτε
571 1350 604 1400 δ
612 1343 626 1364 '
659 1344 878 1416 Ἰσθμὸν
901 1348 993 1400 καὶ
1016 1348 1220 1415 πέτραν
1245 1343 1590 1417 Ἀσκληπιοῦ.

315 1426 527 1486 κᾶπειτ’
556 1428 857 1500 ἀνοιδῆσαν
880 1452 937 1484 τε
960 1431 1052 1484 καὶ
1074 1432 1227 1501 πέριξ
1252 1428 1436 1502 ἀφρὸν
1666 1444 1771 1486 1210

314 1513 494 1570 πολὺν
517 1514 799 1615 καχλάζον
807 1520 1012 1587 ποντίῳ
1037 1515 1316 1586 φυσήματι

314 1611 484 1670 χωρεῖ
504 1597 639 1670 πρὸς
664 1595 844 1668 ἀκτας,
869 1585 936 1653 οὗ
959 1600 1260 1669 τέθριππος
1283 1601 1353 1669 ἡν
1383 1596 1522 1670 όχος.

315 1679 468 1737 αὐτω
493 1683 553 1738 δε
575 1681 682 1737 σὺν
706 1683 952 1737 κλύδωνι
977 1685 1070 1738 καὶ
1093 1690 1354 1757 τρικυμία

312 1764 441 1837 κῦμ’
474 1768 700 1872 ἐξέθηκε
725 1773 960 1837 ταῦρον,
994 1767 1188 1842 ἄγριον
1216 1772 1401 1843 τέρας,

314 1852 382 1907 οὐ
408 1857 552 1906 πᾶσα
575 1874 676 1921 μεν
696 1850 853 1921 χθων
877 1852 1193 1922 φθέγματος
1216 1853 1568 1923 πληρουμένη
1668 1865 1772 1906 1215

315 1940 590 2006 φρικῶδες
615 1933 1028 2006 ἀντεφθέγγετ’,
1056 1941 1308 2006 εἰσορῶσι
1334 1937 1395 1992 δε

313 2033 569 2090 κρεῖσσον
592 2023 772 2091 θέαμα
798 2020 1120 2090 δεργμάτων
1144 2022 1418 2091 ἐφαίνετο.

320 2101 495 2169 εὐθὺς
519 2105 580 2159 δὲ
607 2103 808 2168 πῶλοις
834 2103 1016 2168 δεινὸς
1039 2107 1290 2175 ἐμπίπτει
1314 2105 1513 2177 φόβος·

312 2190 404 2243 καὶ
429 2187 693 2259 δεσπότης
714 2189 815 2259 μὲν
841 2192 1146 2244 ἱππικοῖσιν
1167 2186 1333 2259 ἤθεσι

315 2270 486 2336 πολὺς
508 2274 781 2338 ξυνοικῶν
808 2269 1011 2342 ἥρπασ’
1039 2269 1197 2343 ἡνίας
1220 2285 1421 2344 χεροῖν,
1667 2286 1773 2328 1220

314 2359 461 2413 ἕλκει
489 2356 549 2412 δὲ
573 2356 765 2428 κῶπην
788 2354 927 2412 ῶστε
948 2356 1226 2428 ναυβάτης
1252 2355 1391 2428 ἀνὴρ

317 2445 503 2511 ἱμᾶσιν
528 2446 603 2505 εἰς
625 2439 931 2496 τοῦπισθεν
955 2438 1191 2512 ἀρτήσας
1214 2443 1404 2513 δέμας·

315 2531 377 2580 αἳ
398 2530 431 2581 δ
440 2521 453 2544 '
479 2527 812 2581 ἐνδακοῦσαι
835 2525 1028 2596 στόμια
1057 2532 1328 2598 πυριγενῆ
1355 2533 1624 2597 γναθμοῖς

315 2615 411 2682 βία
435 2611 730 2680 φέρουσιν,
756 2607 874 2666 οὔτι
904 2610 1224 2681 ναυκλήρου
1247 2633 1403 2680 χερος

314 2693 460 2766 [οὔθ’
479 2695 832 2765 ίπποδέσμων
855 2691 985 2750 οὔτε
1006 2700 1288 2764 κολλητῶν
1315 2687 1482 2765 ὄχων]
1669 2704 1772 2747 1225

315 2772 799 2849 μεταστρέφουσαι.
824 2784 912 2834 κεί
931 2778 1032 2849 μὲν
1056 2783 1130 2844 εἰς
1163 2778 1229 2834 τὰ
1252 2775 1511 2850 μαλθακὰ

315 2867 472 2933 γαίας
495 2867 633 2932 ἔχων
657 2871 844 2928 οἴακας
880 2860 1113 2919 εὐθύνοι
1142 2862 1370 2935 δρόμον,
