2022 3126
182 74 245 124 28

181 311 300 357 AA.

178 478 291 525 ΦΕ.

185 564 296 610 ΑΔ.

176 648 290 696 ΦΕ.

175 734 297 781 ΑΔ.

179 823 294 872 ΦΕ.

177 908 300 956 ΑΔ.

180 991 294 1039 ΦΕ.

182 1076 300 1124 ΑΔ.

180 1241 293 1291 ΦΕ.

179 1327 300 1374 ΑΔ.

179 1410 294 1458 ΦΕ.

178 1498 301 1544 ΑΔ.

180 1581 294 1629 ΦΕ.

187 1668 300 1715 AA.

180 1752 294 1799 ΦΕ.

181 1838 303 1886 ΑΛ.

181 1922 295 1970 ΦΕ.

180 2009 301 2056 ΑΔ.

181 2092 295 2140 ΦΕ.

185 2179 301 2226 ΑΛ.

182 2263 296 2311 ΦΕ.

185 2604 301 2650 ΑΔ.

831 78 1205 125 ΑΛΚΗΣΤΙΣ

370 223 576 272 παῦσαι
602 216 668 270 δέ
676 258 689 279 ,
718 217 958 286 πρέσβυ,
987 222 1157 272 παῖδα
1180 217 1281 274 σὸν
1305 226 1689 290 κακορροθῶν.

371 300 500 372 λέγ’,
528 299 600 364 ὡς
627 303 762 370 ἐμοῦ
788 301 1066 367 λέξαντος·
1098 309 1149 358 εἰ
1170 301 1224 359 δ’
1254 301 1438 374 ἀλγεῖς
1462 305 1651 360 κλύων

369 383 632 457 τάληθές,
661 382 728 438 οὐ
753 391 892 454 χρῆν
916 384 968 441 σ’
1001 392 1077 452 εἰς
1102 386 1176 458 ἔμ’
1214 390 1621 459 ἐξαμαρτάνειν.

369 477 471 526 σοῦ
499 469 550 525 δ’
580 466 649 523 ἀν
675 470 1051 540 προθνήσκων
1075 479 1283 542 μᾶλλον
1311 475 1700 545 ἐξημάρτανον.
1760 490 1842 533 710

367 553 570 611 ταύτὸν
594 553 698 624 γὰρ
724 552 928 625 ἡβῶντ’
960 554 1138 626 ἄνδρα
1163 560 1255 612 καὶ
1281 561 1531 629 πρέσβυν
1555 569 1786 627 θανεῖνς

359 647 507 713 ψυχῇ
533 645 630 740 μιᾷ
653 645 774 710 ζῆν,
803 638 871 695 οὐ
898 645 1059 696 δυοῖν
1085 640 1401 714 ὀφείλομεν.

368 749 460 780 και
484 725 593 797 μὴν
617 724 755 789 Διός
781 748 843 794 γε
867 724 1060 796 μείζον’
1090 723 1159 781 ἀν
1183 729 1318 802 ζῴης
1343 729 1562 798 χρόνον.
1767 757 1847 797 713

363 812 484 869 ἀλλ’
520 814 584 869 οὐ
608 814 675 869 σύ
701 815 899 883 νεκρόν
929 839 962 885 γ
1011 813 1134 870 ἀντὶ
1151 821 1256 872 σοῦ
1277 812 1435 872 τόνδ’
1464 819 1720 888 ἐκφέρεις.
1771 833 1852 874 716

364 911 560 997 σημεῖα
589 904 685 969 τῆς
719 904 845 970 σῆς,
880 923 921 953 ω
953 898 1162 955 κάκιστ’
1170 898 1470 972 ,ἀψυχίας

363 980 515 1038 οὗτοι
545 983 683 1052 πρὸς
712 980 919 1054 ἡμῶν
904 1027 924 1052 Ι
946 979 1150 1039 ’ὤλετ’
1174 1000 1182 1009 ·
1217 983 1319 1039 οὐκ
1352 988 1493 1056 ἐρεῖς
1523 984 1664 1041 τόδε.

363 1071 497 1136 φεῦ·

363 1149 474 1206 εἴθ’
501 1147 703 1219 ἀνδρὸς
728 1156 908 1216 ἔλθοις
930 1153 1101 1206 τοῦδέ
1125 1151 1179 1221 γ’
1216 1157 1293 1216 εἰς
1323 1159 1512 1223 χρείαν
1537 1155 1683 1208 ποτέ.
1770 1168 1851 1208 719

363 1231 471 1306 ἀρᾷ
503 1240 763 1304 γονεῦσιν
794 1233 965 1290 οὐδὲν
997 1240 1215 1290 ἔκδικον
1246 1236 1475 1299 παθώνς
1769 1253 1849 1291 714

362 1323 577 1388 μακροῦ
607 1323 732 1387 βίον
764 1317 870 1386 γὰρ
902 1317 1161 1391 ᾐσθόμην
1194 1318 1404 1390 ἐρῶντά
1436 1339 1512 1376 σε.
1768 1336 1850 1377 715

363 1402 636 1474 μνήστευε
660 1399 891 1471 πολλάς,
919 1397 991 1466 ὥς
1015 1401 1233 1457 θάνωσι
1259 1408 1527 1466 πλειόνες.
1763 1417 1847 1460 720

367 1489 454 1542 σοὶ
478 1485 633 1542 τοῦτ’
663 1483 903 1550 ὄνειδος·
935 1483 1002 1541 οὐ
1033 1484 1139 1556 γὰρ
1165 1483 1365 1556 ἤθελες
1389 1495 1606 1542 θανεῖν.

367 1579 534 1643 φίλον
560 1570 618 1627 τὸ
647 1573 850 1642 φέγγος
878 1577 1042 1626 τοῦτο
1068 1577 1167 1626 τοῦ
1195 1577 1364 1641 θεοῦ,
1395 1578 1578 1642 φίλον.

371 1657 544 1713 κακὸν
570 1655 629 1712 τὸ
654 1663 798 1727 λῆμα
821 1654 960 1712 κούκ
995 1660 1053 1711 ἐν
1078 1655 1349 1726 ἀνδράσιν
1374 1656 1434 1712 τὸ
1460 1657 1575 1712 σόν.

365 1742 467 1798 οὐκ
495 1746 721 1815 ἐγγελᾷς
750 1743 984 1812 γέροντα
1011 1742 1295 1812 βαστάζων
1319 1742 1538 1812 νεκρόν.

368 1838 538 1883 θανεῖ
559 1850 622 1898 γε
647 1829 832 1897 μέντοι
859 1825 1208 1898 δυσκλεής,
1189 1825 1322 1882 όταν
1347 1828 1542 1900 θάνῃς
1762 1841 1845 1884 725

366 1919 548 1978 κακῶς
575 1910 805 1967 ἀκούειν
830 1910 897 1967 οὐ
921 1914 1018 2002 μέλ
1027 1935 1072 1967 ει
1095 1913 1331 1967 θανόντι
1355 1936 1462 1983 μοι.

367 2004 476 2069 φεῦ
505 2005 642 2069 φεῦ·
670 1997 730 2052 τὸ
756 2002 929 2068 γῆρας
955 2007 1026 2061 ως
1052 1994 1334 2061 ἀναιδείας
1367 1999 1566 2052 πλε’.ων

368 2081 457 2154 ἥδ’
487 2081 590 2138 οὐκ
616 2081 873 2152 ἀναιδής·
906 2080 1061 2153 τήνδ’
1092 2085 1324 2154 ἐφηῦρες
1351 2080 1589 2153 άφρονα.

367 2167 578 2224 ἄπελθε
603 2166 740 2239 κάμὲ
765 2164 915 2223 τόνδ’
948 2174 1007 2222 ἔα
1034 2167 1214 2231 θάψαι
1240 2167 1456 2237 νεκρόν.

369 2273 583 2325 απειμι·
611 2254 815 2317 θάψεις
841 2251 893 2307 δ’
923 2249 1089 2317 αὐτὸς
1115 2276 1194 2307 ων
1223 2250 1392 2323 αὐτῆς
1418 2251 1643 2322 φονεύς,
1762 2264 1844 2307 730

371 2345 527 2403 δίκας
552 2362 609 2394 τε
634 2339 830 2402 δώσεις
857 2352 996 2393 τοῖσι
1022 2343 1356 2408 κηδεσταῖς
1335 2344 1430 2393 ε’.τι

373 2425 405 2494 ἡ
432 2420 544 2491 τάρ’
559 2421 825 2488 ’Ἄκαστος
852 2419 1024 2478 οὐκέτ’
1056 2420 1154 2478 ἐστ’
1185 2425 1244 2477 ἐν
1269 2419 1558 2492 ἀνδράσιν,

373 2515 423 2564 εί
444 2509 517 2579 μή
541 2507 595 2563 σ’
625 2506 869 2579 ἀδελφῆς
897 2505 1028 2579 αἷμα
1052 2507 1433 2579 τιμωρήσεται.

374 2600 555 2666 ἔρρων
579 2617 687 2649 νυν
714 2590 878 2658 αὐτὸς
903 2591 968 2664 χὴ
992 2590 1363 2663 ξυνοικήσασά
1390 2609 1477 2648 σοι

374 2677 574 2733 ἅπαιδε
620 2677 815 2744 παιδὸς
851 2676 1038 2747 ὄντος,
1067 2675 1251 2745 ὥσπερ
1281 2675 1439 2747 ἄξιοι,
1762 2689 1848 2733 735

373 2760 656 2835 γηράσκετ’
675 2781 686 2792 ·
715 2760 782 2818 οὐ
808 2762 912 2833 γὰρ
940 2764 1084 2838 τῷδε’
1104 2761 1148 2834 γ’
1179 2769 1254 2826 εἰς
1278 2760 1483 2818 ταύτὸν
1507 2763 1696 2832 στέγος

375 2845 549 2903 νεῖσθ’
570 2867 580 2876 ·
611 2854 661 2903 εἰ
682 2846 734 2903 δ”
764 2846 1021 2903 ἀπειπεῖν
1045 2854 1185 2918 χρῆν
1207 2870 1275 2918 με
1298 2847 1560 2916 κηρύκων
1584 2844 1694 2901 ὕπο
