2022 3126
236 143 341 185 XVI
757 141 833 183 DE
863 140 1173 183 EVRIPIDIS
1204 141 1347 183 VITA

238 267 563 330 effingendam
600 266 842 322 habuerit,
882 267 1063 315 nemini
1098 268 1319 330 ignotum
1347 274 1444 316 est:
1483 281 1643 330 neque
1671 267 1863 318 erraris·

236 339 278 386 si
328 351 386 385 ex
433 338 523 386 hac
568 340 779 386 maxime
826 337 1133 385 institutione
1180 336 1297 384 illud
1345 337 1716 401 philosophandi
1764 343 1865 386 stu-

236 407 370 456 dium
398 408 557 456 animo
584 406 834 470 Euripidis
858 407 1059 453 infixum
1084 408 1385 469 repetiveris‚
1418 408 1496 456 cui
1522 408 1734 455 scaenici
1759 407 1865 472 pbi-

235 475 425 539 losophi
472 473 817 541 cognomenffi)
866 476 970 539 ipse
1016 473 1200 523 debuit.
1274 490 1370 539 quo
1418 478 1587 525 aetatis
1633 492 1760 525 anno
1807 477 1865 525 ad

236 549 476 609 tragicum
515 552 763 594 certamen
800 546 1014 609 primum
1053 543 1376 601 descenderit,
1417 552 1552 593 certo
1591 545 1781 595 definiri
1817 548 1864 594 in

235 623 370 665 tanto
425 618 623 678 testium
671 615 896 663 dissensu
943 615 1022 661 vix
1071 610 1344 679 poterit17).
1417 614 1651 662 credibile
1706 622 1866 664 autem

237 693 306 734 est
345 686 581 734 mediocri
618 699 730 733 cum
767 684 932 733 favore
969 684 1152 747 primas
1189 689 1362 746 poetae
1399 683 1678 746 tragoedias
1716 700 1743 733 a
1779 700 1864 749 po·
1914 697 1924 706 ·

235 756 349 820 pulo
389 762 614 819 exceptas
653 763 699 802 et
737 753 1030 817 aliquamdiu
1063 753 1305 815 iniquiora
1340 753 1517 801 iudicia
1545 769 1655 802 eum
1695 769 1866 817 exper-

235 833 338 874 tum
387 840 518 880 esse,
570 831 830 886 antequam
866 825 1026 887 primo
1064 820 1172 870 loco
1210 823 1364 870 victor
1409 824 1777 872 renuntiaretur
1823 830 1869 871 et

237 911 343 944 eam
382 893 658 957 aequalium
685 895 888 956 gratiam
927 891 1019 940 sibi
1046 891 1332 941 conciliaret
1357 907 1452 956 qua
1490 892 1617 956 apud
1643 900 1868 957 posteros

235 966 416 1014 ssoruit.
480 979 572 1014 nec
610 970 747 1028 pater
785 961 1148 1012 Mnesarchides
1186 977 1479 1025 responsum
1515 962 1752 1025 Apollinis
1789 978 1867 1011 ra-

236 1045 338 1084 tum
377 1032 589 1098 vidit18).
661 1033 775 1082 inde
815 1049 842 1082 a
879 1034 1164 1095 gravissima
1204 1032 1398 1080 demum
1447 1033 1665 1081 omnium
1701 1048 1866 1081 rerum

237 1105 568 1159 conversione,
609 1119 732 1168 quae
770 1105 1031 1165 ingruente
1069 1101 1198 1150 bello
1236 1100 1655 1166 Peloponnesiaco
1704 1104 1864 1150 civita-

234 1183 332 1222 tem
359 1175 732 1223 Atheniensium
764 1174 953 1228 invasit,
992 1171 1284 1236 Euripideae
1311 1173 1576 1235 sapientiae
1600 1171 1867 1221 faciliorem

237 1259 402 1293 aurem
429 1246 555 1293 cives
581 1243 868 1307 praebuisse
894 1242 1120 1290 videntur
1137 1239 1218 1303 ¹9):
1260 1242 1398 1290 cuius
1435 1244 1508 1290 rei
1535 1257 1657 1305 quae
1695 1256 1868 1291 causae

236 1315 430 1370 suerint,
470 1314 595 1361 infra
635 1312 949 1362 indicabitur.
1024 1311 1340 1360 nihilominus
1378 1313 1635 1376 quinquies
1681 1319 1868 1360 tantum

235 1386 419 1448 primas
457 1384 515 1432 ad
550 1384 833 1445 Euripidem
871 1382 1053 1430 delatas
1080 1396 1185 1430 esse
1223 1381 1594 1445 accepimus20).
1643 1396 1698 1430 ac
1725 1389 1868 1445 poeta

235 1533 392 1577 ποὶντα
431 1529 731 1586 τάνθρώπων
766 1529 933 1579 κακά’,
1002 1535 1197 1586 denique
1235 1534 1467 1574 Heracliti
1504 1532 1587 1575 τοῦ
1625 1533 1868 1576 σκοτεινοῦ

237 1594 410 1644 scripta
435 1593 645 1632 lectitata
672 1604 771 1632 esse
797 1592 852 1631 ab
879 1590 1094 1643 Euripide
1123 1590 1245 1630 haud
1272 1590 1574 1643 improbabile
1592 1596 1675 1642 est,
1706 1591 1762 1630 cf.
1782 1591 1866 1631 Τ3-

236 1650 348 1688 tian.
383 1649 509 1689 Orat.
540 1648 597 1686 ad
629 1647 704 1690 Gr
735 1660 771 1687 c.
806 1650 830 1688 3
864 1652 908 1687 et
938 1647 1072 1699 Diog.
1105 1648 1156 1686 L.
1189 1648 1229 1692 2,
1262 1648 1329 1687 22.

351 1703 422 1756 16)
456 1703 525 1742 Cf.
555 1703 660 1746 Ath.
693 1703 756 1742 IV
793 1716 836 1755 p.
870 1702 1002 1743 158E
1036 1707 1081 1742 et
1111 1703 1222 1742 XIII
1253 1715 1296 1753 p.
1333 1703 1411 1742 561
1434 1703 1471 1742 Α
1503 1700 1670 1742 Sextus
1701 1702 1869 1754 Empir.

237 1773 279 1812 p.
313 1761 411 1812 666,
446 1761 467 1799 1
501 1758 709 1798 Clemens
738 1758 871 1798 Alex.
903 1759 1065 1799 Strom.
1094 1758 1134 1796 V
1164 1771 1205 1809 Ρ.
1239 1758 1320 1797 688
1352 1757 1574 1810 Origenes
1606 1771 1645 1801 c.
1680 1757 1796 1798 Cels.
1827 1761 1868 1808 4,

238 1818 289 1856 77
322 1829 365 1868 p.
388 1790 469 1855 2⁹15
500 1815 726 1854 Eusebius
748 1814 797 1854 P.
819 1814 873 1854 E.
890 1814 1012 1891 ‘va.
1034 1815 1116 1854 504
1146 1813 1179 1853 C
1209 1811 1446 1852 Vitruvius
1468 1814 1579 1853 VIII
1608 1814 1753 1865 praef.
1783 1815 1807 1863 ἕ
1830 1817 1868 1855 1.

349 1872 420 1922 17)
453 1871 558 1910 Vita
586 1871 692 1911 Eur
725 1882 792 1910 vs.
826 1859 898 1910 30.
938 1868 1116 1934 ηρξατο
1158 1863 1210 1908 δὲ
1252 1864 1502 1910 διδάσκειν
1542 1862 1618 1909 ἐπὶ
1657 1868 1870 1910 Καλλίου

238 1919 466 1980 ἄρχοντος
497 1920 619 1966 κατὰ
649 1918 924 1987 ὀλυμπιάδα
938 1885 1286 1988 ηόγδοηκοστὴν
1328 1921 1517 1977 πραότην
1557 1921 1650 1965 ἔτει
1678 1920 1868 1992 πρώτῳ.

238 1984 420 2035 πρῶτον
461 1978 516 2023 δὲ
555 1976 751 2032 ἐδίδαξε
790 1978 874 2029 τὰς
913 1974 1178 2043 Πελιάδας,
1224 1974 1305 2022 ὅτε
1342 1979 1424 2020 καὶ
1469 1979 1624 2030 τρίτος
1670 1974 1870 2045 ἐγένετο

238 2040 403 2079 ibidem
423 2039 578 2106 paulo
619 2043 757 2077 antea
787 2050 852 2079 vs.
885 2038 957 2078 20·
999 2011 1241 2100 ἄρξασθαι
1283 2031 1337 2076 δε
1377 2030 1698 2088 ἀγωνίζεσθαι
1736 2032 1870 2089 γενό-

241 2108 382 2147 μενον
415 2088 530 2135 ἐτῶν
564 2091 783 2144 εἰκοσιέξ,
839 2094 919 2133 ubi
951 2092 1098 2134 εἴκοσι
1129 2087 1270 2133 πέντε
1311 2092 1658 2132 scribendums
1639 2093 1869 2157 suspicere

241 2151 341 2190 coll.
373 2150 529 2191 Thom.
561 2150 620 2189 M.
631 2164 694 2212 p.
727 2151 821 2200 139,
853 2151 928 2189 21:
960 2142 1135 2201 ἤρξατο
1168 2144 1223 2189 δε
1254 2146 1338 2188 τοῦ
1368 2145 1478 2198 περὶ
1508 2147 1659 2190 ταῦτα
1690 2141 1871 2201 ἀγῶνος

240 2202 355 2247 ἐτῶν
376 2200 444 2247 κε’
464 2199 680 2260 γεγονώς.
722 2206 779 2245 31)
802 2205 873 2244 his
895 2205 1123 2256 discrepat
1147 2204 1319 2244 Gellius
1343 2207 1409 2256 15,
1441 2206 1508 2254 20,
1530 2206 1578 2244 4:
1611 2206 1871 2256 tragoediam

239 2263 424 2302 seribere
455 2268 578 2301 natus
609 2274 742 2301 annos
771 2263 1055 2312 duodeviginti
1084 2261 1260 2300 adortus
1291 2266 1367 2300 est.
1418 2260 1466 2299 in
1487 2272 1706 2300 marmore
1736 2261 1870 2300 Pario

241 2318 308 2367 (C.
333 2320 368 2360 Ι.
392 2320 515 2368 2374,
539 2317 608 2369 75)
640 2318 755 2357 haec
785 2316 1036 2357 habentur:
1069 2310 1338 2379 Ευριπίδης
1369 2309 1484 2356 ἐτῶν
1515 2330 1581 2356 ων
1610 2317 1872 2357 ΔΔΔΔΙΙΙ

239 2372 480 2430 τραγῳδίᾳ
530 2372 715 2425 πρῶτον
765 2366 983 2425 ἐνίκησεν
1017 2394 1071 2400 -
1116 2364 1342 2424 ἄρχοντος
1387 2364 1612 2425 Ἀθήνησι
1662 2372 1872 2424 Διφίλου

240 2430 419 2482 (olymp.
443 2416 511 2479 8⁴4,
535 2431 559 2469 3
589 2431 685 2469 sive
711 2441 830 2468 anno
850 2430 930 2467 441
956 2432 1062 2467 ante
1088 2426 1189 2466 Chr.
1213 2427 1291 2479 n..)
1343 2432 1642 2467 commentum
1674 2440 1700 2466 3
1732 2427 1872 2467 Suida

239 2485 491 2550 proditum,
540 2478 615 2525 ἐπι
657 2483 947 2550 τραγῳδίαν
967 2478 1021 2524 δὲ
1064 2476 1239 2536 ἐτράπη
1279 2476 1362 2523 τὸν
1397 2476 1710 2535 Αναξαγόραν
1756 2479 1872 2523 ἰδών

242 2533 514 2582 ὑποστάντα
535 2534 791 2587 κινδύνους
814 2534 882 2580 δι’
915 2552 1035 2592 απερ
1059 2536 1212 2591 εἰσῆξε
1237 2537 1466 2591 δογματα,
1497 2539 1636 2579 verbo
1659 2539 1870 2590 tetigisse

242 2599 352 2637 satis
379 2597 610 2636 habemus.

353 2652 422 2703 18)
455 2651 575 2694 Plut
606 2652 718 2692 Mor.
732 2664 793 2717 Ρ.
813 2651 974 2692 496F·
1006 2645 1120 2691 οὐδὲ
1151 2646 1422 2702 Ευριπίδου
1451 2646 1534 2690 καὶ
1565 2644 1870 2703 Σοφοκλέους

243 2706 377 2755 νίκας
408 2702 458 2748 οἴ
484 2702 681 2759 πατέρες
713 2703 938 2760 ε’.γνωσαν

355 2760 428 2816 19)
463 2762 595 2803 Certe
627 2763 789 2815 olymp.
819 2764 896 2811 87,
928 2763 955 2801 4
995 2761 1054 2811 (3.
1085 2762 1167 2802 428
1200 2774 1241 2801 a.
1277 2759 1381 2801 Chr.
1415 2759 1483 2814 n.)
1524 2761 1691 2814 primus
1726 2761 1871 2801 victor

245 2821 530 2860 renuntiatus
563 2823 654 2870 est,
687 2819 745 2863 cf.
775 2818 960 2869 Argum.
991 2818 1098 2857 Eur.
1131 2818 1270 2869 Hipp.

352 2873 427 2928 20)
464 2874 636 2916 Gellius
666 2875 721 2916 N.
743 2875 799 2914 A.
823 2876 888 2923 17,
919 2875 960 2923 4,
992 2876 1040 2914 3:
1070 2873 1317 2925 Euripidem
1348 2885 1508 2926 quoque
1540 2873 1603 2916 M.
1634 2873 1777 2913 Varro
1798 2876 1872 2924 ait,

243 2944 328 2972 cum
359 2934 537 2986 quinque
567 2937 608 2971 et
635 2934 906 2984 septuayinta
937 2931 1179 2982 tragoedias
1209 2930 1453 2981 scripserit,
1491 2930 1534 2968 in
1566 2931 1745 2984 quinque
1774 2931 1874 2969 solis
