2022 3126
230 732 543 796 [ΠΠΟΛ
559 730 825 796 ῩΤΟΣ
866 730 928 794 Σ
931 730 1063 795 ΤΕ
1067 732 1361 798 ΦΑΝΗ
1363 734 1428 798 Φ
1438 729 1679 799 ΟΡΟΣ
1683 787 1697 800 .

144 1093 260 1142 ΑΦ.

656 562 1274 618 ΕΥΡΙΠΙΔΟΥ

326 1083 512 1155 Πολλὴ
537 1085 637 1155 μὲν
662 1087 720 1139 ἐν
745 1091 986 1155 βροτοῖσι
1012 1082 1148 1139 κούκ
1174 1082 1463 1155 ἀνώνυμος

331 1167 437 1224 θεὰ
462 1171 725 1239 κέκλημαι
753 1168 967 1240 Κύπρις
992 1166 1235 1239 οὐρανοῦ
1261 1167 1305 1223 τ’
1337 1174 1458 1237 ἔσω,

245 1255 249 1258 ⁴
331 1250 450 1310 ὅσοι
475 1276 532 1308 τε
558 1253 763 1308 πόντου
787 1253 1068 1323 τερμόνων
1092 1249 1142 1307 τ’
1163 1249 1525 1309 Ἀτλαντικῶν

328 1344 587 1393 ναίουσιν
611 1346 739 1393 εἴσω
765 1343 882 1408 φῶς
907 1334 1144 1407 ὁρῶντες
1168 1334 1348 1407 ἡλίου,

330 1420 459 1487 τοὺς
482 1422 583 1493 μὲν
606 1425 865 1494 σέβοντας
887 1419 1028 1494 τάμὰ
1054 1422 1342 1492 πρεσβεύω
1368 1422 1556 1493 κράτη,

329 1506 553 1578 σφάλλω
580 1502 635 1562 δ’
666 1502 783 1561 ὅσοι
808 1512 1115 1578 φρονοῦσιν
1144 1511 1219 1571 εἰς
1244 1504 1382 1577 ἡμᾶς
1407 1508 1559 1576 μέγα.

329 1597 505 1646 ἔνεστι
528 1590 631 1663 γὰρ
659 1589 726 1660 δὴ
752 1588 856 1646 κᾶν
879 1597 1031 1646 θεῶν
1055 1593 1203 1662 γένει
1229 1591 1371 1660 τόδε,

328 1675 621 1746 τιμώμενοι
644 1682 931 1745 χαίρουσιν
955 1673 1272 1745 ἀνθρώπων
1296 1672 1424 1730 ὕπο.

330 1763 488 1826 δείξω
515 1760 576 1815 δὲ
598 1760 800 1830 μύθων
823 1757 988 1815 τῶνδ’
1018 1757 1287 1830 ἀλήθειαν
1311 1760 1467 1830 wiza·

328 1841 356 1900 ὁ
381 1844 484 1915 γάρ
508 1866 575 1915 με
603 1846 824 1916 Θησέως
848 1857 998 1913 παῖς,
1021 1842 1310 1915 Ἀμαζόνος
1333 1844 1489 1908 τόκος

320 1925 659 1999 Ἱππόλυτος,
687 1926 862 1999 ἁγνοῦ
886 1932 1142 1993 Πιτθέως
1167 1928 1528 1999 παιδεύματα,

330 2013 495 2083 μόνος
517 2019 756 2069 πολιτῶν
782 2018 946 2083 τῆσδε
970 2019 1068 2084 γῆς
1103 2019 1418 2084 Τροιζηνίας

328 2100 474 2168 λέγει
498 2104 761 2169 κακίστην
785 2098 1067 2168 δαιμόνων
1092 2100 1418 2168 πεφυκέναι,

329 2179 610 2236 ἀναίνεται
635 2182 696 2237 δὲ
718 2185 915 2254 λέκτρα
938 2180 1042 2238 κού
1067 2183 1235 2244 ψαύει
1259 2182 1475 2253 γάμων·

331 2272 543 2336 Φοίβου
568 2263 621 2320 δ’
651 2262 1168 2338 ἆδελφὴν”Αρτεμιν
1191 2265 1328 2330 Διὸς
1353 2266 1525 2337 κόρην

328 2357 457 2423 τιμᾷ
482 2357 743 2421 μεγίστην
768 2351 1046 2421 δαιμόνων
1069 2349 1375 2421 ἡγούμενος
1391 2370 1401 2378 ·

327 2433 545 2505 χλωρὰν
570 2431 622 2490 δ’
651 2432 740 2489 ἄν’
772 2432 912 2505 ὕλην
937 2437 1200 2508 παρθένῳ
1226 2433 1410 2501 ξυνών
1435 2432 1520 2490 ἀεὶ

328 2520 493 2574 κυσὶν
518 2525 753 2589 ταχείαις
777 2525 954 2590 θῆρας
980 2522 1183 2591 ἐξαιρεῖ
1200 2519 1420 2590 χθονός,

328 2610 488 2674 μείζω
515 2609 765 2675 βροτείας
788 2602 1117 2674 προσπεσὼν
1142 2601 1371 2675 ὁμιλίας.

328 2688 568 2743 τούτοισι
591 2689 691 2759 μέν
714 2711 821 2743 νυν
846 2685 913 2742 οὐ
939 2694 1163 2757 φθονῶ·
1191 2694 1248 2743 τί
1267 2688 1370 2760 γάρ
1395 2711 1460 2759 με
1486 2693 1599 2756 δεῖς

331 2768 365 2826 ἃ
390 2768 443 2826 δ’
473 2777 548 2836 εἰς
573 2771 658 2844 ἔμ’
690 2769 994 2843 ἡμάρτηκε,
1019 2773 1395 2845 τιμωρήσομαι

325 2852 645 2911 Ἱππόλυτον
671 2860 729 2911 ἐν
754 2853 873 2928 τῇδ’
901 2854 1100 2931 ἡμέρα·
1129 2855 1196 2912 τὰ
1220 2855 1395 2911 πολλὰ
1421 2857 1480 2912 δὲ

1744 1861 1794 1900 10

1746 2283 1793 2322 15

1743 2702 1794 2742 20
