2022 3126
89 513 188 561 ΙΠ.

89 764 200 814 ΘΕ.

88 1693 181 1741 [Π.

713 116 1136 164 ΙΠΠΟΛΤΤΟΣ

283 260 464 325 κῶμος
487 255 716 309 λέλακεν
734 251 996 325 ’Ἄρτεμιν
1019 261 1191 325 τιμῶν
1215 255 1357 311 θεάν

281 335 568 409 ὕμνοισιν·
598 335 665 393 ού
689 336 794 408 γὰρ
821 337 908 392 οἶδ
918 336 930 355 ’
958 336 1307 413 ἀνεῳγμένας
1338 341 1513 407 πύλας

270 419 463 478 ΡἈιδον
527 422 667 492 φάος
696 445 753 477 τε
776 428 1032 478 λοίσθιον
1056 426 1275 494 βλέπων
1299 424 1439 480 τόδε.

280 504 476 561 ἕπεσθ’
509 505 735 580 ᾄδοντες
761 509 964 562 ἔπεσθε

281 590 380 645 τάν
396 588 534 656 Διὸς
558 588 829 662 οὐρανίαν

264 672 550 746 Ἄρτεμιν,
578 668 612 748 ᾇ
634 675 966 746 μελόμεσθα.

281 760 475 815 πότνια
500 759 695 815 πότνια
725 760 1043 830 σεμνοτάτα,

277 842 454 908 Ζανὸς
478 846 766 914 γένεθλον,

275 941 430 999 χαῖρε
458 930 616 999 χαῖρέ
629 951 753 998 μοι,
780 920 825 982 οἶ
846 929 983 998 κόρα

274 1017 490 1077 Λατοῦς
518 1009 745 1082 ’Ἀρτεμι
769 1014 860 1067 καὶ
885 1013 1037 1082 Διός,

277 1102 536 1151 καλλίστα
560 1095 702 1151 πολὺ
728 1100 1046 1167 παρθένων,

276 1182 331 1256 [ἃ
361 1185 536 1255 μέγαν
567 1182 686 1238 κατ’
721 1179 989 1252 ούρανὸν]

234 1264 237 1267 ’
269 1272 467 1337 ναίεις,
499 1261 830 1337 εύπατέρει’,
862 1262 952 1318 ἄν’
986 1261 1070 1319 οἶ·

270 1372 368 1405 κον
401 1349 582 1413 Ζανὸς
614 1348 988 1420 πολύχρυσον.

269 1435 427 1501 χαῖρέ
460 1455 580 1504 μοι,
616 1425 660 1488 ὦ
687 1439 948 1489 καλλίστα

272 1524 532 1572 καλλίστα
559 1523 670 1573 τῶν
694 1515 1116 1589 κατ”Όλυμπον

272 1604 600 1673 παρθένων,
618 1599 856 1675 ’Ἀρτεμί

273 1689 361 1742 σοὶ
383 1687 544 1742 τόνδε
569 1685 804 1742 πλεκτὸν
829 1690 1106 1759 στέφανον
1131 1691 1182 1756 ἐξ
1208 1686 1485 1760 ἀκηράτου

276 1777 571 1842 λειμῶνος,
601 1765 642 1826 ὦ
669 1773 961 1843 δέσποινα,
986 1774 1262 1844 κοσμήσας
1287 1775 1458 1845 φέρω,

270 1853 396 1911 ἔνθ’
425 1853 552 1911 οὔτε
577 1855 780 1927 ποιμὴν
804 1854 950 1923 ἀξιοῖ
969 1859 1199 1928 φέρβειν
1223 1856 1358 1929 βοτὰ

272 1938 392 1995 οὔτ’
423 1933 569 2011 ἦλθέ
589 1963 673 1995 πω
698 1945 949 2013 σίδηρος,
977 1939 1100 1997 ἀλλ’
1129 1940 1407 2015 ἀκήρατον

269 2027 497 2096 μέλισσα
523 2022 751 2096 λειμῶν’
781 2025 1004 2096 ἐαρινὸν
1028 2028 1301 2098 διέρχεται
1320 2047 1331 2057 ·

267 2107 454 2174 Αἰδώς
480 2110 541 2165 δὲ
570 2115 886 2181 ποταμίαισι
911 2112 1141 2182 κηπεύει
1167 2111 1406 2185 δρόσοις,

265 2189 417 2256 ὅσοις
445 2193 707 2249 διδακτὸν
734 2197 934 2266 μηδέν,
955 2194 1103 2269 [ἀλλ’
1138 2199 1198 2252 ἐν
1227 2202 1296 2270 τῇ
1328 2198 1497 2268 φύσει

267 2277 328 2334 τὸ
352 2290 668 2349 σωφρονεῖν
693 2285 907 2350 εἴληχεν
932 2286 1008 2345 εἰς
1030 2278 1095 2336 τὰ
1120 2278 1295 2336 πάνθ’
1324 2278 1511 2355 ὁμῶς,]

267 2363 482 2426 τούτοις
511 2364 841 2433 δρέπεσθαι·
868 2376 982 2429 τοῖς
1005 2377 1221 2420 κακοῖσι
1247 2369 1280 2420 δ
1288 2361 1302 2383 '
1330 2362 1396 2419 οὐ
1421 2367 1599 2435 θέμις.

273 2444 393 2501 ἀλλ’
425 2447 466 2501 ὠ
493 2453 627 2518 φίλη
654 2449 946 2519 δέσποινα,
975 2449 1211 2519 χρυσέας
1233 2449 1404 2521 κόμης

268 2529 520 2603 ἀνάδημα
546 2535 694 2598 δέξαι
718 2532 898 2604 χειρὸς
923 2531 1188 2605 εὐσεβοῦς
1211 2530 1334 2589 ἄπο.

267 2616 420 2691 μόνῳ
443 2616 549 2688 γάρ
575 2619 688 2672 ἐστι
711 2614 862 2672 τοῦτ’
892 2619 1010 2689 ἐμοὶ
1032 2620 1196 2689 γέρας
1219 2624 1462 2690 βροτῶν·

267 2702 353 2757 σοὶ
377 2703 470 2756 καὶ
496 2700 710 2772 ξύνειμι
735 2703 827 2756 καὶ
852 2701 1033 2774 λόγοις
1058 2699 1112 2758 σ’
1141 2699 1451 2774 ἀμείβομαι,

269 2785 459 2840 κλύων
483 2785 584 2856 μὲν
607 2783 814 2856 αὐδήν,
843 2782 988 2858 ὄμμα
1016 2783 1068 2842 δ’
1099 2784 1199 2858 οὐχ
1223 2783 1372 2858 ὁρῶν
1396 2785 1454 2843 τὸ
1482 2787 1596 2844 σόν.

270 2871 422 2934 τέλος
446 2869 508 2925 δὲ
530 2868 802 2941 κάμψαιμ’
833 2867 1013 2942 ὥσπερ
1038 2868 1285 2944 ἠρξάμην
1314 2877 1459 2942 βίου.

219 2966 366 2996 eva.
402 2968 504 2998 vor..
538 2955 571 2998 Ι.
1398 2952 1463 3002 27

1645 118 1750 170 417

1692 272 1750 317 55

1692 693 1747 735 60

1691 1030 1744 1074 65

1689 1451 1747 1496 70

1689 1872 1748 1917 75

1684 2293 1741 2336 80
