2022 3126
205 84 306 134 218

203 234 333 283 ME.

201 403 315 451 EA.

201 572 331 620 ME.

199 741 313 791 EA.

199 911 326 960 ΜΕ.

197 1081 309 1130 EA.

197 1253 326 1302 ΜΕ.

194 1423 305 1472 EA.

922 87 1177 135 EAENH

395 233 488 282 καὶ
510 226 620 298 μὴν
645 227 845 299 ἐάνπερ
871 234 1017 282 ναῦν
1042 225 1127 282 ἐπ’
1157 225 1403 299 ἀγκύρας
1426 228 1597 301 λάβω,

395 309 535 382 ἀνὴρ
563 307 696 381 παρ’
725 308 903 383 ἄνδρα
926 311 1179 383 στήσεται
1203 313 1527 384 ξιφηφόρος.

394 398 457 453 σὲ
483 396 586 467 χρὴ
611 396 913 468 βραβεύειν
937 397 1114 452 πάντα
1131 415 1141 425 ·
1178 397 1446 469 πόμπιμοι
1471 398 1644 469 μόνον

392 488 582 553 λαίφει
613 484 779 538 πνοαὶ
803 484 1055 553 γένοιντο
1080 485 1173 537 καὶ
1203 481 1343 548 νεῶς
1368 482 1587 553 δρόμος.

395 573 570 622 ἔσται·
598 567 805 631 πόνους
831 565 936 639 γὰρ
962 572 1222 639 δαίμονες
1245 567 1530 623 παύσουσί
1547 591 1672 639 μου.
1757 582 1867 626 1075

393 649 530 723 ἀτὰρ
558 652 808 708 θανόντα
832 658 933 708 τοῦ
958 649 1016 723 μ’
1048 656 1190 724 ἐρεῖς
1215 654 1537 724 πεπυσμένη
1559 679 1572 720 ;

392 742 496 791 σοῦ
515 756 525 765 ·
553 738 647 793 καὶ
670 737 836 808 μόνος
859 760 923 808 γε
948 738 1127 809 φάσκε
1153 742 1455 809 διαφυγεῖν
1478 738 1652 809 μόρον

384 818 614 892 Ἀτρέως
637 825 822 877 πλέων
846 821 953 878 σὺν
978 825 1134 878 παιδὶ
1159 825 1252 878 καὶ
1275 819 1522 879 θανόνθ’
1552 820 1717 895 ὁρῶν.

387 909 481 961 καὶ
502 906 613 978 μὴν
635 905 759 963 τάδ’
789 905 1178 979 ἀμφίβληστρα
1205 908 1454 979 σώματος
1479 908 1616 980 ῥάκη

388 992 836 1064 ξυμμαρτυρήσει
859 999 1140 1049 ναυτικῶν
1168 996 1446 1063 ἐρειπίων.
1753 1008 1867 1052 1080

391 1083 468 1142 εἰς
492 1076 690 1148 καιρὸν
713 1070 883 1149 ἦλθε,
910 1079 1032 1134 τότε
1059 1076 1110 1135 δ’
1139 1076 1324 1149 ἄκαιρ’
1355 1076 1671 1134 άπῶλλυτο·

387 1161 446 1218 τὸ
473 1160 526 1218 δ’
556 1160 760 1218 ἄθλιον
785 1162 926 1218 κεῖν’
958 1161 1183 1234 εὐτυχὲς
1206 1161 1324 1234 τάχ’
1358 1160 1426 1219 ἂν
1453 1165 1627 1219 πέσοι.

386 1248 590 1319 πότερα
617 1252 649 1303 δ
658 1245 670 1265 ’
699 1252 752 1312 ἐς
777 1257 963 1313 οἴκους
987 1251 1075 1305 σοὶ
1105 1256 1494 1305 συνεισελθεῖν
1518 1272 1585 1318 με
1610 1248 1712 1320 χρὴ

385 1329 419 1404 ἦ
444 1331 582 1404 πρὸς
606 1333 763 1406 τάφῳ
792 1329 926 1408 τῶδ’
954 1331 1149 1404 ἥσυχοι
1177 1333 1514 1405 καθῶμεθα;

384 1415 559 1473 αὐτοῦ
588 1415 730 1488 μέν’·
764 1414 833 1489 ἦν
856 1417 960 1490 γὰρ
990 1426 1090 1475 καί
1111 1444 1162 1475 τι
1188 1422 1497 1491 πλημμελές
1521 1437 1582 1474 σε
1607 1423 1729 1494 δρᾷ,
1759 1434 1865 1478 1085

385 1503 558 1574 τάφος
582 1500 637 1559 σ’
664 1501 750 1559 ὅδ’
781 1500 850 1559 ἂν
875 1505 1103 1576 ῥύσαιτο
1131 1504 1420 1576 φάσγανόν
1445 1527 1504 1560 τε
1529 1504 1646 1559 σόν.

384 1588 490 1660 ἐγῶ
519 1586 568 1644 δ’
600 1593 654 1653 ἐς
678 1598 864 1654 οἴκους
889 1596 1033 1660 βᾶσα
1061 1590 1401 1661 βοστρύχους
1426 1595 1570 1661 τεμῶ

384 1677 610 1730 πέπλων
640 1698 697 1730 τε
721 1681 940 1731 λευκῶν
965 1677 1202 1746 μέλανας
1230 1673 1630 1746 ἀνταλλάξομαι

382 1764 596 1832 παρῇδί
615 1757 665 1815 τ’
694 1757 867 1831 ὄνυχα
894 1761 1096 1831 φόνιον
1121 1764 1338 1833 ἐμβαλῶ
1364 1759 1542 1831 χροός.

383 1847 552 1915 μέγας
576 1844 681 1916 γὰρ
708 1842 888 1917 ἁγών,
916 1848 1008 1901 καὶ
1033 1848 1219 1916 βλέπω
1247 1847 1349 1902 δύο
1379 1844 1575 1916 ῥοπάς·
1753 1860 1864 1902 1090

383 1925 418 2000 ἦ
443 1929 548 2001 γὰρ
573 1939 775 1985 θανεῖν
801 1936 891 1986 δεῖ
909 1928 987 2002 μ’,
1015 1927 1084 2002 ἢν
1109 1928 1221 1985 ἁλῶ
1248 1933 1580 2001 τεχνωμένη,

382 2009 417 2084 ἦ
442 2020 681 2085 πατρίδα
706 2013 756 2069 τ’
786 2020 976 2071 ἐλθεῖν
1002 2018 1095 2071 καὶ
1119 2014 1219 2071 σὸν
1245 2018 1481 2071 ἐκσῶσαι
1507 2017 1689 2086 δέμας.

384 2092 427 2154 ῶ
452 2097 635 2155 πότνι’
664 2096 700 2171 ἢ
721 2107 947 2156 Δίοισιν
975 2105 1035 2156 ἐν
1062 2102 1307 2172 λέκτροις
1331 2106 1542 2165 πίτνεις

367 2181 536 2255 ’Ήρα,
565 2182 658 2240 δύ’
686 2185 886 2256 οἰκτρῶ
915 2183 1055 2256 φῶτ’
1086 2182 1372 2252 ἀνάψυξον
1398 2185 1605 2255 πόνων,

379 2268 671 2341 αἰτούμεθ’
702 2268 879 2341 ὀρθὰς
905 2269 1112 2335 ῶλένας
1138 2269 1274 2342 πρὸς
1301 2268 1546 2341 οὐρανὸν
1749 2284 1857 2328 1095

377 2355 662 2426 ῥίπτονθ’,
730 2353 804 2412 ἵν’
834 2362 1002 2421 οἰκεῖς
1026 2353 1274 2427 άστέρων
1299 2362 1648 2427 ποικίλματα.

381 2440 452 2495 σύ
476 2438 536 2495 θ’
566 2437 602 2511 ἢ
624 2438 707 2496 ’πὶ
731 2439 894 2516 τῶμῷ
920 2445 1106 2513 ςκῦδος
1144 2441 1351 2512 ἐκτήσω
1377 2441 1551 2516 γάμῳ,

378 2526 515 2597 κόρη
541 2527 766 2598 Διώνης
791 2527 1008 2599 Κύπρι,
1035 2527 1108 2598 μή
1135 2524 1195 2597 μ’
1226 2526 1504 2599 ἐξεργάσῃ.

378 2608 498 2674 ἅλις
525 2611 586 2666 δὲ
609 2612 784 2683 λύμης
809 2609 880 2683 ἦν
905 2610 962 2683 μ’
989 2612 1243 2683 ἐλυμήνω
1269 2612 1443 2683 πάρος

377 2692 638 2766 [τοῦνομα
662 2693 1025 2768 παρασχοῦσ’,
1054 2694 1122 2752 οὐ
1154 2695 1214 2752 τὸ
1241 2692 1402 2767 σῶμ’,
1431 2698 1490 2751 ἐν
1515 2695 1852 2767 βαρβάροις].

377 2789 577 2836 θανεῖν
602 2779 654 2836 δ’
684 2782 847 2837 ἔασόν
872 2780 952 2853 μ’,
982 2788 1033 2838 εἰ
1053 2794 1403 2837 κατακτεῖναι
1427 2783 1629 2850 θέλεις,
1743 2794 1846 2834 1101

375 2869 435 2920 ἐν
459 2872 529 2939 γῇ
554 2866 796 2942 πατρῴᾳ.
823 2873 880 2922 τί
906 2864 1027 2923 ποτ’
1058 2864 1328 2937 ἄπληστος
1355 2865 1405 2921 εἴ
1424 2871 1630 2933 κακῶν,
