2022 3126
217 60 320 112 344

218 1059 328 1109 XO.

621 60 960 108 ΗΡΑΚΛΗΣ
989 61 1496 109 ΜΑΙΝΟΜΕΝΟΣ

404 201 471 290 οὐ
499 202 604 276 γὰρ
637 200 909 274 πτερωτὸς
936 199 1070 256 οὐδὲ
1095 204 1332 272 φευξείω
1359 207 1577 272 φίλους.

404 312 455 359 αὖ

402 372 509 429 οἴδῖ
546 369 648 427 οὐκ
676 369 892 442 ἀφιᾶσ’,
921 368 1041 426 ἀλλ’
1072 368 1406 426 ἀνάπτονται
1431 372 1656 428 πέπλων

401 462 609 533 τοσῷδε
633 462 868 528 μᾶλλον·
896 448 995 510 οἷδ’
1029 453 1169 528 ἔβητ’
1197 458 1287 511 ἐπὶ
1316 462 1521 526 ξυροῦς
1791 471 1875 515 630

402 539 510 609 ἄξω
536 541 724 614 λαβών
747 564 810 612 γε
834 539 1023 596 τούσδ’
1053 543 1349 613 ἐφολκίδας
1372 553 1575 613 χεροῖν,

404 633 541 692 ναῦς
568 625 623 682 δ’
653 623 726 691 ὥς
751 629 958 698 ἐφέλξω
976 645 986 654 ·
1015 627 1107 680 καὶ
1130 625 1234 697 γὰρ
1260 623 1363 681 οὐκ
1389 623 1684 697 ἀναίνομαι

401 711 731 784 θεράπευμα
756 712 981 767 τέκνων.
1037 711 1215 766 πάντα
1239 708 1593 781 τάνθρώπων
1619 720 1708 767 ἴσα
1724 730 1734 740 ·

402 804 629 870 φιλοῦσι
654 800 852 860 παῖδας
876 800 933 851 οἴ
952 792 990 851 τ’
1019 792 1307 896 ἀμείνονες
1331 802 1548 867 βροτῶν

402 887 458 938 οἵ
477 880 515 938 τ’
545 878 757 938 οὐδεν’
739 879 919 945 ὄντες·
966 881 1238 953 χρήμασιν
1265 881 1326 937 δε
1350 881 1636 952 διάφοροι·
1793 895 1876 938 635

402 973 641 1038 ἔχουσιν,
670 970 724 1022 οἳ
747 963 801 1021 δ’
831 962 923 1021 οὕ·
972 989 1083 1021 παν
1110 967 1171 1022 δὲ
1197 965 1529 1037 φιλότεκνον
1553 967 1727 1038 γένος.

397 1049 432 1107 ἁ
456 1051 648 1118 νεότας
673 1074 766 1123 μοι
792 1057 988 1122 φίλον
1022 1049 1194 1122 αχθος
1220 1052 1281 1107 δε
1306 1050 1364 1106 τὸ
1391 1057 1562 1122 γῆρας
1587 1052 1695 1107 αἰεὶ
1760 1072 1874 1121 στρ.

397 1136 710 1209 βαρύτερον
733 1144 939 1201 Αἴτνας
963 1138 1249 1192 σκοπέλων

398 1223 488 1278 ἐπὶ
512 1222 672 1292 κρατὶ
700 1234 891 1290 κεῖται,
1792 1234 1876 1275 640

397 1306 697 1379 βλεφάρων
721 1305 1009 1361 σκοτεινὸν

403 1391 543 1462 φάος
569 1389 933 1456 ἐπικαλύψαν.

399 1476 474 1548 μή
503 1499 596 1548 μοι
621 1473 735 1548 μήτ’
759 1473 1060 1547 Ἀσιήτιδος

399 1566 730 1632 τυραννίδος
755 1558 917 1632 ὄλβος
944 1570 1044 1632 εἴη,

398 1645 471 1718 μὴ
495 1653 707 1718 χρυσοῦ
739 1647 961 1717 δώματα
991 1648 1170 1719 πλήρη
1792 1657 1874 1700 645

401 1737 496 1796 τᾶς
521 1729 657 1803 ἥβας
683 1729 1019 1802 ἀντιλαβεῖν,

400 1812 434 1872 ἃ
458 1823 720 1872 καλλίστα
743 1816 844 1888 μὲν
869 1819 928 1872 ἐν
954 1813 1117 1892 ὄλβῳ,

400 1907 664 1957 καλλίστα
689 1907 723 1957 δ
730 1899 741 1918 '
772 1905 833 1957 ἐν
856 1907 1035 1976 πενία.

404 1984 462 2041 τό
489 1986 551 2042 δὲ
575 1985 786 2057 λυγρὸν
813 1986 1014 2056 φόνιόν
1038 2009 1094 2041 τε
1119 1993 1221 2057 γῆ-

404 2093 501 2141 ρας
530 2077 673 2143 μισῶ
689 2090 699 2099 ·
730 2070 867 2126 κατὰ
892 2071 1154 2142 κυμάτων
1183 2068 1236 2126 δ’
1790 2081 1874 2126 650

405 2161 554 2229 ἔρροι
581 2158 724 2227 μηδέ
745 2153 857 2211 ποτ’
888 2154 1105 2227 ὤφελεν

399 2248 626 2296 θνατῶν
651 2240 873 2312 δώματα
901 2243 994 2296 καὶ
1017 2241 1201 2307 πόλεις

401 2329 616 2398 ἐλθεῖν,
645 2324 782 2382 ἀλλὰ
808 2324 916 2381 κατ’
947 2323 1120 2395 αἰθέρ’
1152 2324 1217 2381 o’c-

403 2412 451 2466 εὶ
479 2425 724 2483 πτεροῖσι
749 2417 1052 2483 φορείσθω.
1791 2421 1876 2466 654

406 2501 456 2551 εί
471 2496 531 2551 δὲ
549 2505 702 2561 θεοῖς
717 2489 788 2568 ἦν
806 2497 1023 2563 ξύνεσις
1041 2497 1131 2551 καὶ
1150 2501 1319 2567 σοφία
1338 2491 1448 2550 κατ’
1468 2491 1691 2564 ἄνδρας,
1756 2490 1871 2548 ἀντ.

405 2584 641 2652 δίδυμον
666 2578 734 2637 ἂν
765 2578 906 2653 ἥβαν
931 2588 1134 2654 ἔφερον

405 2665 652 2736 φανερὸν
675 2664 965 2738 χαρακτῆρ’

406 2747 600 2820 ἀρετᾶς
629 2748 838 2807 ὅσοισιν

719 2850 801 2893 637
817 2871 876 2876 -
896 2850 980 2892 654
1002 2861 1069 2881 1:
1093 2848 1175 2891 655
1197 2869 1257 2876 -·
1283 2847 1367 2891 672
