2022 3126
817 111 1061 157 EKABH
1655 113 1746 164 151

297 246 610 321 κρύπτοντα
631 261 786 320 χεῖρα
808 252 902 305 καὶ
924 251 1223 322 πρόσωπον
1248 259 1479 324 ἔμπαλιν

296 335 629 404 στρέφοντα,
653 333 726 404 μή
751 351 851 389 σου
875 341 1164 405 προσθίγω
1190 339 1488 406 γενειάδος.

294 416 519 489 θάρσει·
552 419 832 488 πέφευγας
854 417 950 473 τὸν
974 417 1106 489 ἐμὸν
1136 423 1339 476 ἱκέσιον
1361 428 1474 477 Δία
1489 441 1499 450 ·
1670 438 1750 480 345

298 497 371 565 ῶς
398 503 601 571 ἕψομαί
619 524 682 572 γε
706 508 803 556 τοῦ
829 500 875 556 τ’
905 500 1209 573 ἀναγκαίου
1231 506 1391 576 χάριν

295 593 494 640 θανεῖν
515 608 574 640 τε
600 583 856 658 χρῄζουσ’
876 605 886 615 ·
919 592 969 641 εί
990 587 1051 642 δὲ
1074 586 1146 658 μὴ
1173 589 1526 661 βουλήσομαι,

294 668 434 739 κακὴ
461 676 743 740 φανοῦμαι
765 672 858 725 και
883 671 1187 742 φιλόψυχος
1210 696 1368 766 γυνη.

292 758 350 807 τί
368 753 471 825 γάρ
496 777 561 824 με
583 759 672 810 δει
690 760 814 824 ζῆν;
846 748 882 826 ᾗ
907 754 1082 827 πατὴρ
1108 779 1209 826 μεν
1235 758 1304 826 ἡν
1331 755 1462 824 άναξ

295 844 536 909 Φρυγῶν
560 835 1037 895 ἁπάντωντοῦτο
1061 863 1152 910 μοι
1175 847 1392 910 πρῶτον
1416 848 1568 913 βίου·
1668 857 1750 899 350

294 919 463 977 ἔπειτ’
492 925 784 995 ἐθρέφθην
809 927 1049 979 ἐλπίδων
1072 931 1256 979 καλῶν
1282 923 1392 980 ὕπο

292 1012 579 1077 βασιλεῦσι
602 1008 821 1078 νύμφη,
850 1015 1009 1078 ζῆλον
1033 1006 1099 1064 οὐ
1124 1008 1358 1080 σμικρὸν
1383 1010 1572 1081 γάμων

291 1088 495 1160 ε’χουσ’7
519 1088 651 1147 ὅτου
676 1090 814 1163 δῶμ
844 1095 1029 1148 ἑστίαν
1052 1091 1099 1147 τ’
1129 1091 1418 1165 ἀφίξομαι·

290 1177 551 1230 δέσποινα
576 1174 627 1231 δ’
656 1174 689 1246 ἡ
715 1177 983 1248 δύστηνος
1002 1175 1337 1234 Ἰδαίαισιν
1307 1203 1340 1249 η

290 1261 507 1331 γυναιξὶ
530 1263 832 1332 παρθένοις
856 1259 903 1317 τ’
932 1259 1271 1332 ἀπόβλεπτος
1295 1265 1444 1333 μέτα,
1666 1278 1747 1320 355

291 1353 379 1414 ι”ση
402 1353 585 1400 θεοῖσι
610 1345 755 1416 πλὴν
778 1345 839 1401 τὸ
864 1355 1166 1401 κατθανεῖν
1189 1344 1361 1417 μόνον
1377 1365 1388 1375 ·

291 1435 399 1483 νῦν
423 1426 473 1483 δ’
505 1431 614 1500 εἰμὶ
640 1430 828 1500 δούλη.
881 1437 1070 1501 πρῶτα
1093 1433 1194 1501 μέν
1218 1455 1284 1502 με
1310 1428 1551 1502 τοῦνομα

288 1521 488 1568 θανεῖν
513 1517 644 1585 ἐρᾶν
668 1521 891 1585 τίθησιν
916 1512 1018 1570 οὐκ
1048 1514 1245 1579 εἰωθὸς
1271 1512 1360 1570 ὅν·

292 1595 459 1653 ἔπειτ’
489 1606 618 1662 ἴσως
642 1595 711 1653 ἂν
735 1603 1018 1654 δεσποτῶν
1043 1597 1208 1670 ῶμῶν
1234 1601 1440 1670 φρένας

291 1679 504 1752 τύχοιμ’
535 1680 628 1753 ἄν,
655 1680 801 1748 ὅστις
825 1680 1074 1755 ἀργύρου
1099 1682 1155 1755 μ’
1185 1682 1451 1754 ὠνήσεται
1663 1696 1746 1739 360

288 1763 653 1837 τὴνἝκτορός
676 1789 734 1822 τε
757 1765 1000 1839 χὰτέρων
1027 1774 1245 1823 πολλῶν
1269 1769 1446 1837 κάσιν,

289 1853 554 1921 προσθεὶς
581 1849 633 1906 δ’
662 1849 910 1923 ἀνάγκην
937 1852 1217 1907 σιτοποιὸν
1243 1856 1301 1907 ἐν
1327 1853 1530 1923 δόμοις,

287 1942 500 2006 σαίρειν
522 1959 580 1991 τε
606 1941 761 2007 δῶμα
784 1943 1034 2006 κερκίσιν
1057 1934 1106 1991 τ’
1135 1938 1430 2008 ἐφεστάναι

285 2019 504 2091 λυπράν
529 2018 773 2091 ἄγουσαν
796 2019 1005 2093 ἡμέραν
1028 2018 1085 2092 μ’
1114 2019 1412 2093 ἀναγκάσει
1428 2040 1438 2049 ·

285 2107 412 2176 λέχη
437 2105 498 2160 δὲ
520 2103 661 2176 τάμὰ
685 2110 882 2170 δοῦλος
907 2103 1114 2176 ῶνητός
1138 2116 1316 2162 ποθεν
1661 2118 1744 2161 365

282 2202 498 2260 χρανεῖ,
523 2191 815 2261 τυράννων
838 2190 1087 2261 πρόσθεν
1109 2188 1398 2261 ἠξιωμένα.

288 2271 355 2328 οὐ
380 2271 531 2344 δ’ῆτ’
559 2271 758 2345 ἀφίημ’
788 2272 1045 2346 ὀμμάτων
1069 2275 1368 2345 ἐλεύθερον

234 2390 246 2405 2
289 2360 490 2461 φέγγος
513 2356 627 2414 τόδ’
636 2356 822 2431 ,Ἅιδῃ
847 2357 1191 2429 προστιθεῖσ’
1221 2357 1354 2430 ἐμὸν
1379 2362 1558 2429 δέμας.

285 2440 374 2513 ἄγ’
404 2444 508 2498 οὐν
532 2441 590 2514 μ’
614 2441 883 2499 Ὀδυσσεῦ
908 2446 1000 2499 καὶ
1025 2446 1314 2514 διέργασαί
1332 2441 1388 2514 μ’
1417 2440 1591 2513 άγων·

288 2523 406 2582 οὐτ’
437 2531 653 2592 ἐλπίδος
676 2551 781 2599 γαρ
807 2523 933 2583 ούτε
955 2551 1055 2582 του
1081 2525 1286 2598 δοξης
1264 2535 1374 2598 ορῶ
1660 2538 1745 2582 370

286 2612 491 2682 θάρσος
514 2610 644 2683 παρ’
672 2625 802 2683 ημιν
829 2609 900 2676 ῶς
924 2609 1045 2667 ποτ’
1077 2614 1139 2666 εὐ
1164 2614 1369 2683 πρᾶξαί
1386 2635 1452 2683 με
1475 2611 1593 2683 χρή.

288 2701 471 2767 μῆτερ,
487 2697 557 2752 συ
575 2697 624 2753 δ’
660 2694 786 2767 ἡμῖν
813 2696 985 2767 μηδεν
1009 2695 1264 2766 ἐμποδῶν
1289 2699 1423 2769 γένῃ

289 2783 524 2849 λέγουσα
547 2782 684 2850 μηδὲ
710 2786 919 2850 δρῶσα·
954 2780 1274 2850 συμβούλου
1301 2783 1365 2835 δέ
1385 2803 1474 2851 μοι

288 2873 487 2919 θανεῖν
514 2865 645 2930 πρὶν
670 2870 909 2933 αἰσχρῶν
934 2862 1006 2933 μὴ
1033 2861 1151 2918 κατ’
1181 2862 1338 2930 ἀξίαν
1360 2876 1560 2934 τυχεῖν.
