2022 3126
208 62 277 122 40

204 222 317 270 ΗΡ.

200 309 322 356 ΑΔ.

205 392 314 440 ΗΡ.

205 480 323 526 ΑΛ.

198 561 314 611 ΗΡ.

202 650 320 696 ΑΛ.

199 734 312 782 ΗΡ.

197 821 318 867 ΑΔ.

198 903 311 951 ΗΡ.

199 991 318 1038 ΑΔ.

194 1074 310 1123 ΗΡ.

197 1162 317 1208 ΑΔ.

193 1245 309 1293 ΗΡ.

196 1332 315 1379 ΑΛ.

192 1415 308 1464 ΗΡ.

193 1503 299 1549 ΑΔ

196 1586 306 1635 ΗΡ.

192 1674 314 1720 ΑΔ.

195 1842 310 1890 ΗΡ.

193 1930 317 1976 AA.

195 2013 309 2061 ΗΡ.

194 2100 316 2146 ΑΔ.

194 2183 309 2232 ΗΡ.

192 2271 313 2317 ΑΔ.

195 2354 305 2402 ΗΡ.

190 2442 312 2488 ΑΔ.

192 2525 306 2573 ΗΡ

191 2613 313 2658 ΑΔ.

192 2695 308 2743 ΗΡ.

191 2783 314 2829 ΑΔ.

194 2865 306 2913 ΗΡ.

848 78 1218 125 ΑΛΚΗΣΤΙΣ

389 214 584 288 χρόνος
608 218 862 287 μαλάξει,
888 224 998 273 νῦν
1023 218 1075 274 δ’
1105 217 1187 275 ἔθ’
1217 220 1327 296 ἡβᾷ
1362 241 1448 277 σοι
1473 226 1663 278 κακόν.

387 301 591 372 χρόνον
617 304 794 373 λέγοις
819 300 917 372 ἄν,
955 308 1007 359 εἰ
1027 305 1222 376 χρόνος
1247 306 1306 361 τὸ
1331 315 1650 362 κατθανεῖν.

388 387 532 457 γυνή
555 405 615 442 σε
645 385 846 443 παύσει
875 390 967 443 καὶ
990 391 1124 445 νέου
1150 390 1329 462 γάμου
1360 391 1546 446 πόθοι.

395 479 653 543 σίγησον·
692 467 813 528 οἷον
848 471 1015 538 εἶπας.
1063 472 1165 530 οὐκ
1191 472 1260 530 ἂν
1292 473 1479 550 ᾦόμήν
1500 511 1559 516 ——

389 563 445 612 τί
465 561 496 612 δ
506 555 540 621 '3
567 554 633 611 οὐ
661 570 851 628 γαμεῖς
875 558 1007 629 γάρ,
1037 557 1174 615 ἀλλὰ
1198 561 1456 632 χηρεύσει
1482 564 1664 631 λε’χος;

393 640 495 696 οὐκ
529 647 674 698 ἔστιν
703 640 815 711 ἥτις
846 647 989 716 τῷδε
1020 645 1455 715 συγκλιθήσεται.

384 733 504 797 μῶν
530 727 630 797 τὴν
654 733 945 783 θανοῦσαν
971 726 1211 799 ὠφελεῖν
1236 753 1287 785 τι
1311 735 1652 803 προσδοκᾷς;

385 819 578 884 κείνην
601 810 850 885 ὅπουπερ
882 818 996 869 ἔστι
1023 820 1289 885 τιμᾶσθαι
1312 815 1507 886 χρεών.

383 903 521 953 αι’νῶ
547 898 648 997 μὲν
673 904 810 953 αἰνῶ
829 917 839 927 ·
867 905 1084 970 μωρίαν
1113 897 1166 955 δ’
1195 897 1567 971 ὀφλισκάνεις.

391 981 463 1048 ὡς
495 982 683 1054 μήποτ’
717 981 894 1055 ἄνδρα
923 984 1085 1041 τόνδε
1107 992 1357 1057 νυμφίον
1381 991 1583 1041 καλῶν.

383 1066 605 1141 ε’πῄνεσ’
637 1066 816 1144 ἀλόχῳ
842 1069 1032 1136 πιστὸς
1057 1067 1234 1126 οὕνεκ’
1267 1070 1315 1127 εἶ
1338 1078 1516 1141 φίλος.

389 1151 607 1226 θάνοιμ’
645 1158 867 1226 ἐκείνην
893 1162 1090 1227 καίπερ
1116 1154 1219 1211 οὐκ
1245 1158 1421 1212 οὖσαν
1445 1153 1705 1226 προδούς.

385 1242 549 1310 δέχου
576 1263 684 1295 νυν
713 1249 842 1295 εἰσω
868 1240 1034 1312 τήνδε
1060 1248 1335 1313 γενναίων
1361 1241 1564 1313 δόμων.

386 1326 488 1395 μή,
515 1325 651 1394 πρός
679 1344 739 1380 σε
767 1331 866 1380 τοῦ
891 1333 1217 1395 σπείραντος
1243 1325 1476 1398 ἄντομαι
1498 1324 1653 1391 Διός.

379 1411 471 1464 καὶ
497 1408 608 1481 μὴν
632 1407 932 1482 ἁμαρτήσει
962 1435 1025 1482 γε
1049 1411 1123 1483 μὴ
1150 1413 1355 1481 δράσας
1380 1413 1526 1467 τάδε.

386 1497 478 1550 καὶ
503 1500 654 1566 δρῶν
680 1519 742 1567 γε
767 1496 913 1569 λύπῃ
946 1502 1183 1566 καρδίαν
1209 1499 1571 1568 δήχθήσομαι.

378 1589 577 1638 πιθοῦ·
640 1579 747 1652 τάχ’
776 1577 844 1637 ἂν
869 1580 973 1653 γὰρ
1000 1588 1076 1648 είς
1097 1585 1227 1638 δέον
1252 1585 1408 1639 πέσοι
1431 1583 1602 1654 χάρις.

388 1672 497 1736 φεῦ
514 1684 524 1694 ·

389 1748 491 1806 εἶθ’
529 1754 581 1818 ἐξ
614 1749 828 1823 ἀγῶνος
860 1752 1025 1824 τήνδε
1051 1752 1123 1824 μὴ
1144 1750 1338 1825 ”λαβε’ς
1363 1776 1508 1809 ποτε.

387 1842 615 1892 νικῶντι
640 1839 827 1907 μέντοι
852 1839 945 1892 καὶ
971 1836 1041 1893 σὺ
1068 1845 1335 1912 συννικᾷς
1360 1841 1494 1908 ἐμοί.

388 1927 568 1988 καλῶς
598 1924 806 1988 ἔλεξας·
836 1920 868 1993 ἡ
894 1922 1037 1994 γυνὴ
1065 1921 1115 1977 δ’
1146 1921 1450 1979 ἀπελθέτω.

389 2004 638 2077 ἄπεισιν,
669 2013 718 2063 εἰ
738 2008 868 2079 χρή·
901 2014 1091 2079 πρῶτα
1118 2006 1169 2063 δ’
1200 2015 1250 2064 εἰ
1271 2007 1451 2080 χρεών
1480 2006 1662 2079 ἄθρει.

386 2093 518 2164 χρή,
545 2099 647 2147 σοῦ
673 2115 735 2164 γε
761 2090 833 2164 μὴ
861 2096 1153 2164 μέλλοντος
1179 2091 1467 2166 ὀργαίνειν
1493 2096 1628 2164 ἐμοί.

384 2178 543 2242 εἰδώς
575 2201 624 2233 τι
649 2176 801 2249 κάγώ
827 2176 984 2248 τήνδ’
1016 2185 1118 2250 ἔχω
1147 2185 1488 2251 προθυμίαν.

377 2267 503 2316 νίκα
532 2285 654 2318 νυν.
725 2261 791 2318 οὐ
821 2263 930 2334 μὴν
957 2262 1271 2320 ἁνδάνοντά
1294 2288 1386 2336 μοι
1412 2277 1603 2329 ποιεῖς.

383 2346 493 2403 ἀλλ’
525 2346 638 2404 ἔσθ’
668 2345 752 2404 ὅθ’
786 2346 920 2420 ἡμᾶς
944 2352 1207 2415 αινέσεις·
1244 2355 1422 2405 πιθοῦ
1446 2349 1635 2420 μόνον.

377 2431 624 2504 κομίζετ’,
653 2440 703 2488 εί
725 2434 828 2505 χρὴ
854 2435 1019 2505 τήνδε
1047 2438 1311 2502 δέξασθαι
1340 2435 1545 2505 δόμοις.

378 2517 480 2574 οὐκ
509 2543 577 2573 αν
601 2526 838 2620 μεθείην
871 2519 972 2590 τὴν
1001 2533 1240 2592 γυναῖκα
1265 2520 1616 2592 προσπόλοις.

377 2624 447 2660 συ
476 2602 528 2658 δ’
559 2601 725 2670 αὐτὸς
752 2602 929 2677 αυτὴν
957 2603 1122 2676 είσαγ
1131 2649 1145 2676 ,
1181 2611 1231 2660 εί
1251 2606 1460 2677 βούλει,
1488 2604 1709 2675 δόμους.

393 2695 469 2754 εἰς
496 2709 594 2754 σας
619 2689 720 2760 μὲν
747 2692 849 2745 οὐν
876 2696 1050 2763 ἔγωγε
1074 2690 1320 2762 θήσομαι
1344 2692 1522 2761 χέρας.

388 2772 491 2830 οὐκ
518 2770 588 2830 ἂν
611 2780 856 2846 θίγοιμι
887 2773 1086 2848 δώματ’
1116 2781 1393 2831 εισελθειν
1418 2798 1580 2845 παρα.

381 2866 445 2932 τῇ
472 2866 541 2931 σῇ
567 2861 812 2916 πέποιθα
836 2863 978 2931 χειρὶ
1003 2864 1155 2936 δεξιᾷ
1179 2861 1374 2932 μόνου.

1762 238 1869 281 1085

1757 660 1869 703 1090

1758 1083 1867 1125 1095

1759 1510 1868 1552 1100

1757 2022 1864 2063 1105

1761 2448 1866 2489 1110

1757 2873 1862 2914 1115
