2022 3126
135 2612 266 2660 AM.

513 102 851 149 ΗΡΑΚΔΗΣ
882 103 1382 151 ΜΛΙΝΟΜΕΝΟΣ
1683 101 1787 152 3312

331 241 402 309 ὡς
427 243 672 310 ἐξέπειθε
696 238 794 295 τὸν
818 241 1255 310 κατασπείραντά
1279 263 1345 311 με
1363 258 1374 268 ·

329 335 404 392 είς
429 325 615 392 δεξιὰν
638 324 699 380 δὲ
723 322 827 395 σὴν
853 322 1208 395 ἀλεξητήριον
1704 337 1788 381 470

327 413 493 480 ξύλον
516 414 703 464 καθίει
726 408 1014 464 Δαιδάλου
1031 451 1044 477 ,
1070 413 1250 479 ψευδῆ
1276 409 1449 464 δόσιν.

328 498 415 555 σοὶ
438 493 489 551 δ’
518 491 590 564 ἢν
614 498 808 565 ἔπερσε
831 505 941 556 τοῖς
967 493 1250 564 ἑκηβόλοις
1273 493 1402 548 ποτὲ

325 580 524 647 τόξοισι
549 577 750 632 δώσειν
777 582 1040 646 Οἰχαλίαν
1062 574 1342 647 ὑπέσχετο.

327 677 472 737 τρεῖς
496 660 544 718 δ’
580 659 739 726 ὄντας
784 659 925 732 ὑμᾶς
969 661 1282 732 τριπτύχοις
1304 666 1592 731 τυραννίσι

327 747 503 819 πατὴρ
530 746 774 817 ἐπύργου
797 748 935 817 μέγα
960 752 1188 817 φρονῶν
1215 743 1506 817 εὐανδρία·
1704 758 1787 802 475

327 831 432 905 ἐγώ
460 833 520 887 δὲ
542 831 765 901 νύμφας
788 827 1274 901 ἠκροθινιαζόμην,

324 919 465 988 κήδη
490 912 818 984 συνάψουσ’,
845 919 903 969 ἔκ
930 912 968 969 τ’
991 913 1304 986 Ἀθηναίων
1327 913 1529 984 χθονὸς

324 1001 582 1071 Σπάρτης
605 1021 662 1054 τε
689 1004 892 1069 Θηβῶν
913 997 996 1069 θ’,
1027 996 1098 1063 ὡς
1122 997 1421 1070 ἀνημμένοι
1445 999 1621 1066 κάλως

324 1089 714 1156 πρυμνησίοισι
740 1089 867 1154 βίον
890 1081 1041 1154 ἔχοιτ’
1072 1081 1390 1154 εὐδαίμονα.

325 1172 418 1226 καὶ
441 1174 610 1224 ταῦτα
638 1173 886 1241 φροῦδα·
916 1175 1299 1239 μεταβαλοῦσα
1325 1164 1376 1223 δ’
1405 1164 1437 1238 ἡ
1462 1167 1595 1238 τύχη
1704 1181 1788 1224 480

324 1252 547 1326 νύμφας
576 1253 676 1323 μὲν
700 1250 834 1323 ὑμῖν
856 1259 1045 1324 Κῆρας
1073 1251 1338 1308 ἀντέδωκ’
1375 1259 1535 1322 ἔχειν,

325 1340 444 1410 ἐμοὶ
470 1338 529 1393 δὲ
555 1338 769 1407 δάκρυα
793 1338 1026 1405 λουτρά·
1054 1338 1323 1409 δύστηνος
1349 1343 1590 1407 φρενῶν.

323 1422 499 1494 πατὴρ
526 1422 586 1478 δὲ
610 1420 812 1492 πατρὸς
837 1423 986 1495 ἑστιᾷ
1009 1422 1217 1494 γάμους
1241 1419 1354 1491 ὅδε,

319 1505 514 1579 ’Ἅιδην
538 1513 773 1577 νομίζων
798 1507 1092 1578 πενθερόν,
1118 1512 1285 1577 κῆδος
1309 1506 1525 1576 πικρόν.

325 1591 489 1663 ὤμοι,
515 1588 612 1646 τίν’
642 1588 800 1662 ὑμῶν
823 1598 1041 1662 πρῶτον
1064 1588 1099 1662 ἢ
1123 1589 1220 1647 τίν’
1249 1588 1485 1646 ὕστατον
1706 1603 1787 1646 485

323 1677 459 1746 πρὸς
482 1678 680 1747 στέρνα
704 1681 914 1746 θῶμαι;
939 1682 1013 1750 τῷ
1039 1676 1402 1746 προσαρμόσω
1428 1675 1626 1746 στόμα;

323 1768 471 1825 τίνος
497 1761 775 1831 λάβωμαι;
806 1766 919 1824 πῶς
943 1756 1012 1815 ἂν
1043 1758 1114 1825 ὡς
1139 1761 1510 1831 ξουθόπτερος

322 1849 549 1917 μέλισσα
574 1843 952 1916 συνενέγκαιμ’
981 1869 1050 1900 αν
1074 1849 1132 1901 ἐκ
1157 1845 1379 1901 πάντων
1407 1844 1588 1915 γόους,

325 1936 398 1994 εἰς
425 1934 487 1985 ἓν
513 1926 566 1983 δ’
595 1927 878 2000 ἐνεγκοῦσ’
909 1927 1125 1999 αθρόον
1149 1928 1418 2000 αποδοίην
1442 1928 1636 1999 δάκρυ.

325 2038 365 2070 ω
395 2010 621 2085 φίλτατ’
651 2022 801 2078 εἴτις
826 2014 1078 2086 φθόγγος
1111 2014 1444 2070 εἰσακούεται
1703 2025 1786 2068 490

321 2104 548 2169 θνητων
570 2096 691 2169 παρ’
708 2095 892 2171 Ἁιδη,
920 2101 1007 2154 σοι
1029 2097 1149 2155 τάδ’
1157 2097 1491 2169 ,Ἡράκλεις,
1519 2100 1658 2169 λέγω
1677 2116 1687 2126 “

323 2184 556 2253 θνήσκει
581 2181 756 2253 πατὴρ
785 2181 879 2248 σὸς
902 2187 995 2239 καὶ
1018 2183 1177 2254 τέκν’,
1206 2181 1440 2253 ὄλλυμαι
1466 2181 1520 2237 δ’
1553 2182 1677 2254 ἐγώ,

323 2265 357 2338 ἢ
382 2269 514 2337 πρὶν
538 2274 778 2338 μακαρία
803 2267 894 2323 διὰ
917 2266 967 2324 σ’
997 2269 1297 2341 ἐκλῃζόμην
1322 2274 1552 2338 βροτοῖς.

321 2350 549 2422 ἄρηξον,
575 2352 705 2406 ἐλθὲ
727 2353 821 2406 καὶ
843 2352 971 2407 σκιὰ
995 2353 1216 2424 φάνηθί
1235 2371 1351 2423 μοι·

323 2434 496 2542 ἄλκαρ
523 2435 626 2506 γὰρ
656 2435 840 2491 ἐλθών
866 2437 1057 2492 ἰκανὸν
1083 2434 1151 2492 ἂν
1175 2440 1357 2508 γένοιο
1383 2437 1482 2490 σύ·
1701 2448 1783 2492 495

323 2521 483 2576 κακοὶ
504 2521 608 2620 γάρ
636 2525 774 2576 εισιν
798 2527 853 2576 οἳ
871 2524 1034 2577 τέκνα
1057 2528 1335 2576 κτεινουσι
1364 2521 1447 2576 σά.

322 2603 392 2661 σύ
415 2627 516 2675 μεν
541 2603 606 2660 τὰ
631 2607 836 2676 νέρθεν
864 2604 1098 2678 εὐτρεπῆ
1124 2612 1314 2676 ποιοῦ,
1339 2605 1531 2676 γύναι·

324 2687 428 2760 ε’γω
457 2689 518 2744 δε
541 2687 614 2754 σ’,
645 2712 686 2744 ω
711 2696 846 2760 Ζεῦ,
877 2690 1005 2762 χειρ’
1033 2694 1085 2755 ἐς
1111 2689 1354 2762 οὐρανὸν
1379 2689 1552 2746 δικων

325 2771 506 2841 αὐδω,
538 2756 811 2829 τέκνοισιν
837 2784 890 2830 εἴ
909 2798 958 2830 τι
983 2773 1179 2831 τοισίδ’
1211 2773 1448 2847 ωφελειν

324 2859 562 2927 μέλλεις,
589 2855 852 2928 ἀμύνειν,
880 2857 952 2924 ὡς
974 2856 1082 2930 τάχ’
1115 2859 1283 2917 οὐδὲν
1311 2858 1575 2932 ἀρκέσεις.
1699 2872 1785 2914 5⁰0

1434 2942 1531 2992 22*
