2022 3126
197 83 299 135 168

195 740 303 792 ΑΓ.

202 1336 309 1387 XO,

909 86 1150 132 EKABH

380 224 611 298 Ἑκάβη,
639 224 741 281 σὸν
766 221 870 280 οὐκ
895 231 1129 281 ἔλασσον
1153 223 1188 296 ἦ
1211 232 1398 298 κείνης
1420 230 1596 301 χρέος,

386 312 480 366 καὶ
506 315 733 375 παῖδας·
772 306 844 375 ὡς
870 314 960 366 δεῖ
982 313 1076 365 καὶ
1099 309 1248 366 τέκν’
1279 314 1486 368 εἰδέναι
1512 313 1712 386 λόγους

386 394 515 460 τοὺς
539 398 591 462 ἐξ
619 398 850 466 ἐκείνης.
883 394 980 451 τὸν
1006 395 1067 450 δὲ
1091 401 1186 466 τῆς
1207 404 1558 469 νεοσφαγοῦς

385 482 704 551 Πολυξένης
729 482 969 551 ἐπίσχες,
991 478 1361 553 Ἀγάμεμνον,
1387 483 1582 554 τάφον,
1778 498 1863 543 895

387 563 459 629 ὡς
485 563 616 620 τώδ’
650 562 874 635 ἀδελφώ
901 571 1138 636 πλησίον
1160 572 1257 639 μιᾷ
1282 574 1469 638 φλογί,

386 649 546 721 δισση
572 653 809 722 μέριμνα
832 657 1023 722 μητρί,
1049 658 1387 722 κρυφθῆτον
1409 659 1594 724 χθονί.

383 741 533 790 ἔσται
557 732 678 790 τάδ’
709 733 881 790 οὕτω·
914 737 1006 790 καὶ
1033 733 1138 806 γάρ
1167 741 1218 791 εἰ
1238 760 1339 807 μεν
1362 739 1433 808 ἦν
1457 745 1671 813 στρατῷ

387 826 560 885 πλοῦς
575 864 588 890 ,
617 818 719 875 οὐκ
746 816 816 875 ἂν
843 819 990 891 εἶχον
1015 821 1182 891 τήνδε
1207 839 1293 878 σοι
1319 826 1520 878 δοῦναι
1543 823 1732 895 χάριν·

385 911 493 960 νῦν
518 903 571 960 δ’
579 903 688 976 ,ού
714 904 818 977 γὰρ
847 903 957 976 ἵησ’
989 903 1180 975 ούριας
1211 903 1386 969 πνοάς
1417 905 1570 974 θεός,
1779 922 1864 965 900

384 993 573 1061 μένειν
599 988 812 1062 ἀνάγκη
840 996 1019 1046 πλοῦν
1044 988 1289 1063 ορῶντας
1314 1012 1539 1064 ησυχον.

387 1076 602 1146 γένοιτο
629 1072 681 1130 δ’
713 1077 776 1130 εὐ
803 1094 940 1140 πως·
975 1082 1108 1131 πᾶσι
1130 1075 1237 1148 γὰρ
1260 1077 1457 1134 κοινὸν
1482 1079 1611 1135 τόδε

386 1164 502 1233 ἰδία
527 1157 588 1215 θ’
619 1160 828 1215 εκάστω
852 1161 946 1215 καὶ
970 1162 1155 1232 πόλει,
1181 1160 1279 1217 τὸν
1303 1186 1404 1234 μεν
1428 1162 1601 1220 κακὸν

384 1244 558 1300 κακόν
582 1268 634 1299 τι
658 1243 917 1315 πάσχειν,
944 1245 1041 1301 τὸν
1070 1205 1155 1302 δε7
1154 1247 1393 1318 χρηστὸν
1419 1247 1691 1321 εὐτυχεῖν.

384 1348 455 1385 συ
480 1353 582 1400 μεν
611 1351 652 1384 ω
679 1331 874 1401 πατρὶς
893 1327 1067 1401 Ἰλιάς,
1630 1353 1745 1407 στρ.
1779 1348 1861 1392 9Οὸ

383 1420 495 1470 τῶν
522 1412 862 1486 ἀπορθήτων
887 1415 1045 1480 πόλις
1074 1414 1262 1473 οὐκέτι
1286 1421 1428 1486 λέξει
1444 1437 1455 1447 ·

386 1512 537 1556 τοῖον
556 1496 834 1556 Ἑλλάνων
858 1503 1028 1573 νέφος
1054 1499 1204 1573 ἀμφί
1223 1521 1285 1558 σε
1309 1504 1543 1576 κρύπτει

385 1587 508 1656 δορὶ
533 1584 600 1656 δὴ
627 1588 751 1657 δορὶ
774 1588 1001 1658 πέρσαν.

383 1666 490 1726 άπὸ
518 1671 580 1726 δὲ
604 1671 891 1742 στεφάναν
916 1672 1182 1743 κέκαρσαι
1776 1686 1860 1731 910

385 1755 645 1826 πύργων,
673 1754 811 1811 κατὰ
837 1755 889 1811 δ’
919 1758 1162 1814 αἰθάλου

382 1837 562 1911 κηλῖὃ’
593 1842 951 1911 οίκτροτάταν
978 1844 1268 1915 κέχρωσαι,

385 1922 619 1994 τάλαιν’,
649 1923 835 1981 οὐκέτι
861 1924 912 1981 σ’
944 1926 1279 1998 έμβατεύσω.

385 2010 742 2080 μεσονύκτιος
769 2008 1048 2082 ὥλλύμαν,
1631 2010 1747 2069 άντ.

382 2089 518 2166 ἦμος
541 2098 599 2150 ἐκ
626 2099 871 2151 δείπνων
896 2093 1071 2162 ὕπνος
1095 2095 1235 2168 ἡδὺς
1264 2094 1351 2153 ἐπ’
1381 2095 1563 2163 ὄσσοις
1780 2111 1861 2155 915

381 2185 692 2251 σκίδναται,
723 2184 941 2251 μολπάν
971 2177 1026 2237 δ’
1060 2181 1166 2238 ἄπο
1197 2185 1287 2239 καὶ
1316 2187 1613 2258 χαροποιόν

383 2269 595 2320 θυσίαν
621 2264 975 2329 καταπαύσας

385 2349 542 2413 πόσις
568 2351 627 2403 ἐν
652 2349 924 2420 θαλάμοις
951 2355 1143 2420 ἔκειτο,

384 2431 584 2500 ξυστὸν
610 2437 642 2487 ὃ
649 2431 660 2450 ⁷
692 2436 780 2489 ἐπὶ
805 2435 1084 2509 πασσάλῳ,
1778 2453 1861 2492 920

382 2517 594 2574 ναύταν
621 2515 822 2574 οὐκέθ’
853 2516 1003 2591 ὁρῶν
1029 2517 1224 2591 ὅμιλον

394 2608 598 2672 Τροίαν
617 2599 802 2659 Ἰλιάὸ’
833 2607 1130 2676 ἐμβεβῶτα.

387 2685 494 2759 ἐγὼ
521 2687 583 2742 δὲ
608 2688 891 2760 πλόκαμον
918 2687 1202 2756 άναδέτοις
1629 2711 1740 2763 στρ.

721 2786 804 2827 905
821 2808 883 2815 —
898 2787 980 2831 913
991 2806 1062 2827 =
1073 2788 1155 2831 914
1170 2810 1231 2817 —·
1248 2789 1332 2833 922

712 2870 796 2914 923
810 2893 870 2900 -
887 2872 971 2916 932
985 2884 1055 2904 z
1071 2873 1154 2916 933
1170 2895 1230 2902 —
1248 2875 1332 2917 942
