2022 3126
80 404 186 452 XO.

77 574 191 622 AN.

668 92 1133 138 ΑΝΔΡΟΜΑΧΗ
1663 95 1728 144 53

264 228 375 286 ἀλλ’
406 235 482 294 εἰς
503 235 636 300 μίαν
660 231 955 299 βλέποντες
981 227 1212 286 εὐναίαν
1235 233 1458 304 Κύπριν

262 316 615 386 στέργουσιν,
644 310 791 377 ὅστις
815 312 888 384 μὴ
915 321 1096 378 κακῶς
1127 321 1300 371 οἰκεῖν
1332 320 1502 373 θέλει.
1651 335 1727 377 180

264 397 578 470 ἐπίφθονόν
602 420 652 451 τι
676 403 856 468 χρῆμα
880 404 1110 469 θηλείας
1139 398 1342 466 φρενὸς

258 485 351 540 καὶ
374 482 698 552 ξυγγάμοισι
723 483 990 552 δυσμενὲς
1015 481 1231 553 μάλιστ’
1261 482 1364 541 ἆεί.

263 573 372 637 φεῦ
399 571 508 636 φεῦ
526 585 536 594 ·

259 651 431 707 κακόν
455 673 517 722 γε
543 659 769 721 θνητοῖς
796 649 854 705 τὸ
880 653 1010 706 νέον
1039 656 1100 705 ἔν
1127 675 1183 706 τε
1214 659 1289 726 τῷ
1319 658 1424 728 νέῳ

255 734 314 792 τὸ
339 734 411 807 μὴ
438 740 655 790 δίκαιον
681 732 827 799 ὅστις
853 733 1173 808 ἀνθρώπων
1199 744 1323 808 ἔχει.
1648 757 1723 799 185

254 819 360 892 ἐγω
387 820 449 875 δὲ
471 825 655 890 ταρβῶ
684 819 756 891 μὴ
781 819 841 875 τὸ
868 821 1161 877 δουλεύειν
1184 825 1254 893 μέ
1273 841 1362 879 σοι

255 905 436 976 λόγων
462 902 655 976 ἆπώσῃ
684 902 832 960 πόλλ’
870 911 1104 976 ἔχουσαν
1128 912 1336 978 ἔνδικα,

252 985 322 1060 ἢν
350 989 401 1045 δ’
432 982 505 1044 αὖ
530 989 810 1060 κρατήσω,
838 989 909 1061 μὴ
931 987 1014 1046 ’πὶ
1040 988 1174 1065 τῷδ’
1204 990 1359 1063 ὄφλω
1383 995 1625 1067 βλάβην·

252 1078 307 1129 οἰ
326 1073 431 1146 γὰρ
459 1077 718 1139 πνέοντες
742 1075 951 1145 μεγάλα
976 1074 1108 1140 τοὺς
1132 1085 1426 1147 κρείσσους
1450 1081 1649 1152 λόγους

250 1165 459 1230 πικρῶς
486 1161 721 1232 φέρουσι
745 1166 857 1214 των
882 1161 1197 1217 ἐλασσόνων
1227 1182 1363 1218 υπο
1644 1181 1724 1224 190

252 1240 397 1315 ὅμως
425 1240 478 1299 δ’
509 1243 753 1315 ἐμαυτὴν
776 1242 843 1300 οὐ
871 1243 1140 1317 προδοῦσ’
1171 1244 1468 1320 ἁλώσομαι.

253 1326 374 1398 εἰ”π,
407 1330 448 1383 ὦ
473 1335 660 1398 νεᾶνι,
687 1335 761 1403 τῷ
790 1329 842 1384 σ’
873 1332 1116 1404 ἐχεγγυω
1143 1332 1289 1407 λόγῳ

250 1411 525 1469 πεισθεῖσ’
557 1411 769 1468 ἆπωθω
795 1422 1040 1485 γνησίων
1063 1418 1508 1488 νυμφευμάτων;

250 1495 322 1563 ὡς
345 1495 379 1569 ἡ
403 1498 654 1554 Λάκαινα
684 1504 795 1553 τῶν
821 1506 1064 1570 Φρυγῶν
1088 1508 1260 1571 μείων
1284 1503 1459 1574 πόλις,

248 1581 382 1651 τύχῃ
427 1580 479 1638 θ’
507 1580 753 1654 ὑπερθεῖ
790 1581 908 1654 κάμ’
939 1587 1245 1658 ἐλευθέραν
1271 1584 1432 1661 ὁρᾷς;
1638 1605 1719 1648 195

246 1663 280 1738 ἢ
312 1673 388 1741 τῷ
411 1670 519 1741 νέῳ
547 1690 605 1723 τε
629 1671 722 1723 καὶ
750 1675 1059 1740 σφριγῶντι
1086 1671 1296 1742 σώματι

244 1755 486 1811 πλούτου
516 1778 574 1810 τε
603 1755 823 1825 μεγέθει
853 1756 943 1810 καὶ
973 1762 1152 1825 φίλοις
1186 1753 1459 1824 ἐπηρμένη

244 1835 399 1891 οἶκον
422 1849 714 1906 κατασχεῖν
737 1836 835 1892 τὸν
859 1836 959 1892 σὸν
986 1835 1109 1894 ἀντὶ
1133 1846 1234 1895 σοῦ
1258 1843 1408 1896 θέλω
1430 1867 1443 1909 ;

246 1920 484 1991 πότερον
508 1918 572 1976 ἵν’
600 1918 738 1992 αὐτὴ
768 1927 967 1987 παῖδας
992 1921 1115 1978 ἀντὶ
1141 1930 1244 1979 σοῦ
1275 1928 1414 1982 τέκω

245 2006 480 2071 δούλους
505 2008 712 2078 ἐμαυτῇ
736 2003 775 2061 τ’
807 2004 1013 2062 άθλίαν
1044 2011 1342 2079 ἐφολκίδας
1633 2029 1717 2069 200

243 2085 279 2160 ἢ
301 2089 430 2155 τοὺς
454 2090 616 2161 ἐμούς
640 2115 721 2155 τις
747 2097 945 2156 παῖδας
971 2095 1273 2161 ἐξανέξεται

246 2180 428 2240 Φθίας
451 2175 763 2278 τυράννους
789 2173 979 2242 όντας
1006 2174 1076 2248 ἦν
1107 2178 1178 2234 σύ
1202 2179 1275 2252 μὴ
1301 2184 1487 2254 τέκῃς·
1476 2226 1489 2249 ,

244 2265 471 2329 φιλοῦσι
494 2260 632 2332 γάρ
626 2258 670 2316 α’
689 2257 948 2333 Έλληνες
966 2259 1226 2337 Ἐκτορός
1248 2262 1288 2320 τ’
1317 2262 1442 2335 άπο,

242 2341 382 2414 αὐτή
405 2341 443 2398 τ’
474 2342 695 2416 ἀμαυρὰ
718 2369 820 2401 κου
845 2346 1118 2417 τύραννος
1145 2349 1178 2419 ἡ
1217 2355 1475 2421 Φρυγων.

244 2425 346 2483 οὐκ
371 2431 422 2495 ἐξ
449 2433 595 2501 ἐμων
620 2449 681 2486 σε
706 2431 1015 2503 φαρμάκων
1044 2446 1238 2505 στυγεῖ
1258 2435 1433 2506 πόσις,
1629 2452 1712 2491 205

245 2509 383 2577 [ἀλλ’
416 2518 467 2567 εί
487 2517 733 2578 ξυνεῖναι
757 2513 829 2584 μὴ
871 2513 1136 2584 ’πιτηδειά
1162 2523 1384 2588 κυρεῖς.]

243 2600 474 2665 φίλτρον
499 2598 562 2653 δε
583 2598 677 2653 καὶ
698 2595 847 2654 τόδ’·
875 2596 943 2655 οὐ
969 2598 1029 2655 τὸ
1061 2601 1288 2674 κάλλος,
1316 2626 1358 2659 ω
1383 2627 1566 2675 γυναι,

246 2674 374 2732 ἀλλ’
404 2677 593 2752 αρεταὶ
619 2684 887 2756 τέρπουσι
909 2706 1038 2749 τους
1063 2688 1410 2753 ξυνευνέτας.

240 2760 311 2817 σὺ
337 2760 389 2818 δ’
417 2761 488 2834 ἤν
511 2790 562 2821 τι
588 2774 851 2840 κνισθῇς,
877 2766 910 2840 ἡ
933 2769 1186 2826 Λάκαινα
1207 2772 1310 2843 μὲν
1333 2773 1489 2838 πόλις

238 2843 353 2915 μέγ’
383 2850 524 2919 ἐστί,
550 2849 652 2920 τὴν
678 2853 738 2907 δὲ
765 2859 993 2922 Σκῦρον
1019 2852 1272 2926 οὐδαμοῦ
1295 2863 1472 2927 τίθης,
1625 2873 1706 2914 ’210
