2022 3126
248 91 331 132 DE
363 88 685 131 CODICIBVS
714 88 1065 129 EVRIPIDEIS
1094 88 1173 128 ΕΤ
1200 89 1593 131 EDITIONIBVS
1655 89 1758 130 XL!

252 255 332 306 DE
370 252 686 304 CODICIBVS
722 253 1074 303 EVRIPIDEIS
1111 253 1194 303 ET
1229 253 1638 305 EDITIONIBVS.

231 351 431 400 Codices
467 349 722 413 Euripidei
759 348 900 398 nobis
947 350 1150 412 cogniti,
1190 364 1400 413 quorum
1439 352 1601 400 nullus
1635 352 1761 402 ultra

128 420 470 470 duodecimum
511 418 758 468 saeculum
799 418 1034 474 ascendit,
1073 434 1100 466 e
1136 418 1261 467 libro
1296 419 1541 468 fluxerunt
1578 424 1764 470 recenti

126 498 270 554 atque
316 490 530 552 graviter
576 488 837 553 depravato
884 493 932 536 et
977 488 1297 552 interpolato,
1348 489 1480 538 unde
1527 491 1575 538 in
1631 493 1763 539 vitiis

125 559 347 624 plurimis
403 572 570 606 omnes
625 558 962 607 consentiunt:
1025 558 1110 606 sed
1170 558 1479 620 aliquatenus
1535 561 1666 607 inter
1712 575 1763 607 se

125 629 381 683 differunt,
428 629 494 675 ita
531 628 726 691 quidem
779 634 834 675 ut
869 626 1160 675 melioribus
1209 627 1437 677 subsidiis
1486 634 1678 677 utamur
1714 631 1763 677 in

124 699 224 747 Alc.
264 697 413 747 Andr.
451 696 570 745 Hec.
609 697 756 760 Hipp.
794 696 920 745 Med.
961 696 1042 749 Or.
1081 697 1228 745 Rhes.
1269 698 1383 747 Tro.
1423 697 1633 754 Phoen.,
1684 713 1762 746 ce·

127 769 246 816 teris
292 767 461 815 decem
516 768 567 814 in
613 766 793 815 fabulis
841 781 939 814 non
987 766 1254 816 habeamus
1300 769 1394 816 nisi
1445 767 1766 831 paucissimos

125 836 283 885 libros
322 851 501 900 eosque
540 836 802 885 deterioris
841 843 1000 885 notae.
1074 852 1199 901 quae
1237 836 1405 885 decem
1444 836 1636 886 fabulae
1673 839 1765 885 ini-

124 908 349 972 quiorem
409 911 591 954 sortem
652 912 882 970 expertae
929 905 1055 969 quod
1107 907 1305 955 omnino
1349 913 1660 962 manserunt,
1711 923 1763 955 ea

126 974 383 1038 singularis
431 982 507 1024 est
561 974 798 1030 felicitas,
850 975 1249 1040 quandoquidem
1307 983 1556 1026 coarctato
1614 977 1767 1039 magis

124 1047 379 1109 magisque
425 1043 701 1093 studiorum
749 1043 868 1093 orbe
905 1052 1007 1094 tres
1052 1052 1242 1094 tantum
1280 1046 1530 1110 Euripidis
1575 1052 1765 1108 tragoe-

127 1115 230 1163 dias
267 1114 486 1176 cognitas
523 1113 696 1164 habuit
731 1114 997 1178 Byzantina
1035 1115 1315 1175 barbarieS,
1353 1115 1606 1165 Hecubam
1646 1114 1766 1164 Ore·

126 1191 248 1233 stem
289 1184 599 1232 Phoenissas.
674 1184 802 1232 hanc
838 1184 1081 1247 trilogiam
1123 1185 1375 1249 Byzantini
1421 1185 1645 1234 homines
1683 1185 1766 1234 ad-

124 1255 293 1304 mirati
330 1260 469 1318 sunt,
516 1253 634 1303 hinc
674 1253 870 1302 dicendi
916 1254 1048 1315 leges
1084 1257 1445 1319 repetiverunt,
1487 1255 1659 1305 harum
1698 1256 1767 1303 fa·

125 1323 350 1372 hularum
390 1322 604 1372 flosculis
643 1325 910 1373 orationem
949 1324 1294 1379 distinxerunt,
1334 1325 1422 1374 has
1458 1327 1767 1388 interpretati

126 1400 241 1442 sunt
269 1399 317 1441 et
352 1395 480 1442 sicut
515 1400 744 1456 poterant
779 1394 1116 1450 emendarunt,
1158 1394 1303 1442 modo
1343 1394 1606 1444 emendare
1631 1401 1767 1443 recte

126 1463 316 1511 dicatur
354 1464 438 1526 qui
476 1478 574 1511 non
613 1465 884 1512 restituerit
921 1465 1173 1528 scriptoris
1210 1479 1406 1512 manum
1446 1464 1530 1513 sed
1570 1464 1766 1513 oblitte-

125 1533 262 1580 rarit.
340 1532 556 1580 eiusdem
618 1531 843 1595 trilogiae
905 1548 1035 1581 nunc
1097 1541 1366 1596 supersunt
1428 1534 1652 1597 exempla
1714 1541 1767 1582 ut

125 1601 338 1665 plurima
378 1603 446 1651 ita
482 1603 696 1666 pessima
737 1609 785 1650 et
821 1602 1053 1666 prudenti
1091 1604 1264 1653 critico
1302 1603 1650 1652 abominanda:
1691 1605 1767 1652 in·

125 1678 203 1720 ter
229 1685 399 1719 omnes
438 1672 568 1719 enim
595 1671 788 1720 codices
815 1679 1053 1736 quotquot
1077 1672 1251 1720 harum
1278 1672 1555 1722 fabularum
1596 1672 1769 1722 orbem

126 1755 225 1789 non
278 1739 545 1796 excedunt,
595 1742 673 1788 vix
723 1743 817 1790 erit
862 1744 941 1790 cui
990 1742 1366 1806 Byzantinorum
1421 1744 1768 1802 magistrorum

125 1811 375 1858 temeritas
413 1816 461 1857 et
505 1808 704 1859 licentia
752 1812 1049 1875 pepercerit.
1123 1811 1343 1875 singulos
1391 1812 1638 1876 Euripidis
1686 1828 1767 1862 co-

127 1879 263 1929 dices
309 1880 667 1943 circumspecto
715 1880 894 1929 iudicio
940 1880 999 1929 ad
1046 1880 1225 1931 classes
1271 1897 1385 1931 suas
1431 1883 1678 1931 revocavit
1713 1885 1767 1931 A.

125 1948 456 1998 Kirchhoffius
491 1950 541 1997 in
580 1951 766 1998 maiore
792 1950 1043 2014 Euripidis
1081 1950 1311 2009 editione,
1352 1965 1449 2014 quo
1489 1951 1613 2001 duce
1651 1951 1766 2002 sub·

126 2019 248 2068 sidia
285 2024 453 2067 nostra
491 2021 662 2082 paucis
698 2019 1036 2070 indicabimus

229 2088 461 2138 Meliores
497 2087 624 2145 libri,
653 2090 737 2154 qui
773 2105 946 2139 novem
973 2091 1338 2154 tragoediarum
1363 2090 1483 2140 orbe
1510 2093 1766 2141 continen-

124 2164 221 2215 tur,
260 2158 311 2206 hi
346 2164 474 2207 sunt.

228 2227 266 2276 A
305 2227 459 2276 codex
503 2228 780 2278 Marcianus
823 2231 926 2278 471
979 2229 1386 2279 membranaceus
1435 2231 1615 2279 saeculi
1664 2230 1765 2285 XII,

127 2299 441 2360 superstitum
479 2296 720 2346 librorum
757 2301 1227 2362 praestantissimus,
1268 2302 1489 2348 continet
1523 2300 1641 2349 Hec.
1682 2300 1766 2350 Or.

125 2365 306 2428 Phoen.
345 2367 495 2416 Andr.
534 2367 780 2431 Hippolyti
824 2372 1086 2419 1—1234
1124 2384 1236 2418 cum
1273 2369 1470 2418 scholiis
1518 2373 1766 2432 margina-

125 2435 254 2484 libus
292 2442 342 2485 et
377 2436 555 2499 glossis
592 2438 1010 2488 interlinearihuS.

228 2505 266 2554 Β
305 2506 461 2555 codex
498 2506 758 2557 Vaticanus
809 2511 908 2558 909
957 2508 1280 2571 bombycinus
1327 2508 1509 2557 saeculi
1556 2508 1644 2558 XII
1692 2508 1786 2557 vel⁴

125 2573 256 2631 XIII,
308 2577 525 2624 continet
568 2577 687 2626 Hec.
737 2576 820 2626 Or.
873 2578 1060 2628 Phoen.
1109 2577 1234 2626 Med.
1285 2578 1432 2643 Hipp.
1472 2579 1574 2627 Alc.
1611 2578 1763 2628 Andr.

127 2643 241 2692 Tre.
281 2645 500 2694 Rhesum
547 2661 658 2696 cum
707 2647 906 2696 scholiis
954 2654 1002 2696 et
1051 2647 1239 2710 glossis,
1313 2648 1464 2697 Rhesi
1511 2662 1626 2711 pars
1677 2662 1766 2695 ex-

127 2717 280 2761 trema
319 2715 436 2776 (899
464 2716 586 2780 sqq.)
626 2718 677 2765 in
714 2717 810 2765 hoc
844 2716 972 2766 libro
1011 2732 1144 2766 nunc
1183 2717 1506 2774 desideratur,
1548 2717 1763 2766 nondum

125 2780 295 2897 ξεῖνε)
330 2791 676 2902 ᾳιιιέἑεωροτθ
715 2787 1048 2850 apographum
1077 2786 1192 2836 libri
1230 2787 1408 2836 factum
1438 2793 1526 2843 est,
1565 2784 1627 2835 132
1664 2787 1764 2834 sive

165 2865 189 2898 a
213 2858 371 2901 atinus
481 2890 492 2901 .
