2022 3126
608 565 664 625 Ε
679 567 1126 624 ΤΡΙΠΙΔΟΥ

471 734 1273 803 ΗΑΕΚΤΡΑ.

44 1099 156 1148 ΛΤ.
220 1084 282 1146 Ὠ
307 1097 402 1162 γῆς
430 1090 665 1146 παλαιὸν
681 1088 910 1162 ’Ἁργος,
930 1089 1139 1161 Ἰνάχου
1167 1093 1306 1160 ῥοαί,

229 1172 368 1230 ὅθεν
391 1173 511 1231 ποτ’
541 1173 676 1246 ἄρας
698 1178 860 1231 ναυσὶ
887 1182 1085 1246 χιλίαις
1100 1172 1239 1245 ’Ἁρη

232 1265 308 1324 εἰς
330 1266 436 1331 γῆν
460 1266 692 1316 ἔπλευσε
723 1259 938 1334 Τρῳάδ’
973 1258 1326 1330 Ἀγαμέμνων
1351 1255 1502 1324 ἅναξ.

230 1350 446 1409 κτείνας
471 1345 532 1400 δὲ
559 1344 656 1400 τὸν
679 1342 963 1415 κρατοῦντ’
997 1347 1056 1399 ἐν
1078 1340 1249 1417 Ἰδαία
1287 1345 1451 1412 χθονὶ

229 1435 486 1498 Πρίαμον
512 1428 651 1484 ἑλών
674 1452 731 1484 τε
755 1428 1057 1500 Δαρδάνου
1082 1426 1307 1497 κλεινὴν
1331 1426 1512 1496 πόλιν,
1674 1441 1699 1484 5

232 1510 450 1583 ἀφίκετ’
481 1519 557 1577 εἰς
581 1511 696 1569 τόδ’
716 1510 943 1584 Ἄργος,
970 1509 1205 1583 ὑψηλῶν
1230 1508 1281 1566 δ’
1307 1512 1394 1566 ἐπὶ

229 1603 384 1652 ναῶν
406 1599 623 1653 τέθεικε
647 1603 822 1652 σκῦλα
847 1605 1072 1652 πλεῖστα
1096 1595 1410 1667 βαρβάρων.

233 1678 394 1737 κάκεῖ
412 1682 513 1752 μὲν
531 1679 868 1754 ηὐτύχησεν·
897 1684 957 1736 έν
983 1681 1044 1736 δὲ
1068 1680 1281 1750 δώμασι

233 1766 466 1838 θνήσκει
488 1764 753 1836 γυναικὸς
776 1765 911 1836 πρὸς
935 1764 1427 1835 Κλυταιμνήστρας
1453 1764 1596 1838 δόλῳ

231 1852 321 1904 καὶ
347 1855 444 1904 τοῦ
470 1851 717 1906 Θυέστου
742 1848 938 1915 παιδὸς
953 1855 1234 1920 Αἰγίσθου
1257 1854 1392 1918 χερί.
1648 1864 1700 1905 10

230 1934 307 2004 χῶ
331 1958 432 2004 μεν
457 1934 662 1990 παλαιὰ
687 1940 934 2005 σκῆπτρα
967 1934 1250 1989 Ταντάλου
1276 1931 1454 1987 λιπών

235 2017 470 2088 ὄλωλεν,
498 2028 768 2090 Αἴγισθος
792 2020 852 2075 δὲ
876 2019 1159 2090 βασιλεύει
1182 2015 1404 2088 χθονός,

235 2100 432 2172 ἄλοχον
455 2107 672 2159 ἐκείνου
703 2108 1023 2175 Τυνδαρίδα
1046 2103 1221 2174 κόρην
1246 2108 1402 2172 ἔχων.

237 2184 334 2251 οὓς
359 2186 411 2242 δ’
442 2191 500 2243 ἐν
523 2189 771 2260 δόμοισιν
802 2186 968 2260 ἔλιφ’,
1002 2185 1083 2244 ὅτ’
1120 2192 1198 2252 εἰς
1237 2193 1443 2259 Τροίαν
1474 2192 1656 2258 ἔπλει,

235 2269 441 2342 ἄρσενά
465 2269 514 2326 τ’
543 2270 802 2342 Ὀρέστην
827 2271 977 2342 θῆλύ
1001 2268 1051 2326 τ’
1078 2268 1368 2338 Ἠλέκτρας
1391 2267 1581 2337 θάλος,
1653 2280 1703 2323 15

236 2353 335 2410 τὸν
357 2356 458 2427 μὲν
483 2354 686 2423 πατρὸς
708 2355 928 2427 γεραιὸς
953 2357 1233 2410 ἐκκλέπτει
1255 2351 1497 2424 τροφεὺς

234 2435 778 2511 [μέλλοντ’Ὀρέστην
801 2439 960 2511 χερὸς
987 2437 1083 2495 ὕπ’
1112 2444 1393 2509 Αἰγίσθου
1418 2431 1660 2504 θανεῖνᾸ

239 2530 502 2598 Στροφίῳ
527 2521 566 2579 τ’
594 2529 767 2580 ἔδωκε
791 2527 1034 2580 Φωκέων
1061 2529 1135 2588 εἰς
1157 2529 1263 2594 γῆν
1285 2524 1534 2593 τρέφειν·

235 2605 272 2679 ἢ
295 2605 348 2663 δ’
377 2611 436 2663 ἐν
459 2609 646 2680 δόμοις
672 2615 887 2680 ἔμεινεν
912 2609 1174 2679 Ἠλέκτρα
1195 2605 1417 2677 πατρός,

236 2692 444 2764 ταύτην
467 2692 655 2765 ἐπειδὴ
679 2693 917 2764 θαλερὸς
943 2690 1042 2764 εἶχ’
1069 2689 1206 2763 ἥβης
1230 2691 1442 2762 χρόνος,
1650 2702 1704 2744 20

238 2783 543 2848 μνηστῆρες
563 2774 736 2851 ᾔτουν
755 2776 1010 2842 Ἑλλάδος
1032 2782 1239 2847 πρῶτοι
1263 2771 1483 2846 χθονός.

241 2866 425 2926 δείσας
449 2861 511 2918 δὲ
533 2862 607 2933 μή
629 2886 706 2937 τω
730 2861 882 2918 παῖδ’
911 2860 1179 2934 ἀριστέων
1202 2862 1349 2916 τέκοι

185 2959 337 2991 xvim).
377 2961 479 2990 v01..
515 2947 548 2989 Ι.
1368 2939 1432 2988 16
