2022 3126
549 89 880 136 ΗΡΑΚΛΗΣ
907 88 1412 136 ΜΑΙΝΟΜΕΝΟΣ
1703 82 1802 137 347

339 236 398 288 οἱ
415 232 688 302 δειμάτων
714 232 923 295 ἔξωθεν
947 227 1353 298 ἐκπορεύσομεν

340 316 446 371 σὺν
469 317 632 387 μητρὶ
655 318 869 376 παῖδας.
919 309 1066 383 δεῦρ’
1096 315 1316 381 ἕπεσθε,
1345 310 1665 384 πρόσπολοι,

343 397 414 464 ὡς
439 397 508 455 ἂν
535 397 738 470 σχολὴν
763 397 1084 467 λεύσσωμεν
1109 393 1338 466 ἅσμενοι
1361 396 1566 453 πόνων.
1725 410 1805 455 725

156 489 284 539 ΑΜ.
344 484 414 539 σὺ
440 483 492 539 δ’
522 477 626 540 οὖν
651 480 755 551 ἴθ’,
789 488 934 553 ἔρχει
958 478 1011 536 δ’
1040 476 1095 535 οἷ
1116 481 1317 551 χρεων·
1363 480 1426 535 τὰ
1454 479 1507 536 δ’
1535 476 1648 537 ἄλλ’
1677 489 1806 546 ἴσως

343 566 490 643 ἄλλῳ
513 568 752 639 μελήσει.
784 565 1066 637 προσδόκα
1091 565 1152 620 δὲ
1177 570 1328 636 δρῶν
1351 573 1530 631 κακῶς

339 652 511 708 κακόν
535 677 585 708 τι
610 651 852 722 πράξειν.
903 643 946 704 ὦ
969 651 1248 721 γέροντες,
1277 656 1352 714 είς
1375 650 1547 706 καλὸν

342 743 568 808 στείχει,
595 736 844 809 βρόχοισι
870 732 923 790 δ’
952 731 1178 803 ἀρκύων
1203 735 1489 805 δεδήσεται

339 822 720 893 ξιφηφόροισι,
748 819 876 884 τοὺς
904 822 1068 883 πέλας
1094 823 1276 874 δοκῶν
1299 832 1512 874 κτενεῖν
1727 831 1808 875 730

341 904 370 961 ὃ
395 906 776 977 παγκάκιστος.
827 903 935 974 εἶμι
960 908 993 958 δ
1001 901 1012 920 '
1047 900 1120 968 ὡς
1143 909 1244 958 ἴδω
1271 902 1473 974 νεκρὸν

341 988 583 1046 πίπτοντ’
604 1009 614 1019 ·
657 996 765 1059 ἔχει
788 987 892 1058 γὰρ
919 985 1122 1058 ἡδονὰς
1145 988 1408 1058 θνήσκων
1434 985 1571 1058 ἀνὴρ

343 1074 541 1146 ἐχθρὸς
564 1080 734 1130 τίνων
761 1096 819 1128 τε
847 1078 959 1128 τῶν
985 1074 1341 1144 δεδραμένων
1366 1078 1544 1143 δίκην.

155 1166 266 1215 ΧΟ.
335 1158 610 1230 μεταβολὰ
638 1164 852 1213 κακῶν·
879 1159 1045 1228 μέγας
1069 1154 1098 1212 ὁ
1122 1156 1326 1228 πρόσθ’
1356 1155 1489 1223 ἄναξ
1555 1175 1669 1228 στρ.
1728 1170 1808 1214 735

339 1244 506 1299 πάλιν
531 1241 867 1315 ὑποστρέφει
891 1249 1080 1313 βίοτον
1105 1239 1407 1306 εἰς’Ἇιδαν.

342 1326 406 1384 ἰώ
435 1333 563 1384 δίκα
588 1329 679 1383 καὶ
704 1333 858 1382 θεῶν
881 1332 1184 1398 παλίρρους
1208 1324 1425 1398 πότμος.

343 1405 513 1484 ἦλθες
536 1412 716 1486 χρόνῳ
741 1412 841 1483 μὲν
866 1404 934 1467 οὗ
956 1416 1120 1481 δίκην
1143 1411 1338 1476 δώσεις
1361 1410 1574 1480 θανών,
1728 1423 1810 1466 74c

340 1494 531 1569 ὕβρεις
561 1494 802 1569 ὑβρίζων
829 1502 904 1560 εἰς
929 1494 1222 1566 ἀμείνονας
1247 1498 1429 1551 σέθεν.

340 1583 608 1653 χαρμοναὶ
636 1580 897 1653 δακρύων
923 1585 1122 1636 ἔδοσαν
1154 1580 1408 1651 ἐκβολάς·

345 1666 511 1722 πάλιν
536 1672 731 1737 ἔμολεν
756 1662 790 1719 ὁὶ
814 1666 986 1736 πάρος
1010 1662 1212 1720 οὔποτε
1239 1664 1330 1720 διὰ
1356 1662 1559 1737 φρενὸς
1729 1675 1810 1719 745

343 1750 574 1822 ἤλπισεν
599 1759 805 1806 παθεῖν
829 1756 929 1820 γᾶς
955 1747 1104 1816 ἅναξ.

343 1833 453 1891 ἀλλ’
485 1828 529 1890 ὦ
551 1837 754 1906 γεραιέ,
779 1836 871 1890 καὶ
894 1833 960 1889 τὰ
986 1834 1254 1904 δωμάτων
1281 1840 1386 1890 ἔσω

343 1926 663 1991 σκοπῶμεν,
692 1925 743 1975 εἰ
762 1919 994 1990 πράσσει
1019 1942 1099 1983 τις
1126 1916 1197 1984 ὡς
1221 1917 1325 1990 ἐγώ
1352 1920 1516 1974 θέλω.

153 2011 316 2061 ΛΤΚ.
346 2005 409 2060 ι’ω’
432 2011 531 2076 μοί
554 2028 662 2076 μοι.

159 2096 271 2146 XO.
339 2090 466 2146 τόδε
490 2089 814 2160 κατάρχεται
839 2091 999 2160 μέλος
1023 2091 1142 2159 ἐμοὶ
1166 2088 1360 2144 κλύειν
1525 2084 1640 2142 ἆντ.
1729 2099 1812 2143 750

343 2181 534 2245 φίλιον
559 2177 619 2230 ἐν
643 2173 855 2245 δόμοις·
881 2173 1125 2238 θάνατος
1149 2171 1216 2228 ού
1242 2173 1446 2243 πόρσω.

350 2265 455 2332 βοᾷ
480 2259 659 2330 φόνου
688 2264 952 2329 φροίμιον
977 2258 1249 2325 στενάζων
1272 2255 1422 2322 ἅναξ.

158 2349 320 2401 ΛΤΚ.
353 2336 397 2398 ὦ
422 2349 567 2399 πᾶσα
591 2343 822 2413 Κάδμου
847 2340 981 2413 γαῖ’,
1007 2340 1318 2412 ἀπόλλυμαι
1343 2341 1504 2416 δόλφ.

163 2435 270 2484 ΧΟ.
342 2428 435 2482 καὶ
458 2426 562 2499 γὰρ
593 2427 853 2492 διώλλυς·
883 2425 1172 2483 ἀντίποινα
1198 2424 1249 2482 δ’
1279 2430 1510 2482 ἐκτίνων
1729 2436 1810 2481 755

329 2512 545 2583 τόλμα,
572 2511 764 2577 διδούς
788 2534 850 2582 γε
872 2518 983 2567 τῶν
1009 2513 1364 2582 δεδραμένων
1409 2515 1588 2581 δίκην.

348 2602 429 2661 τίς
456 2594 483 2652 ὁ
507 2595 676 2662 θεοὺς
700 2595 900 2670 ἀνομία
923 2602 1193 2669 χραίνων,
1219 2594 1425 2666 θνητὸς
1451 2592 1548 2664 ὤν,

350 2678 570 2753 ἄφρονα
594 2681 759 2752 λόγον
784 2678 1064 2751 οὐρανίων
1090 2680 1352 2752 μακάρων
1376 2674 1646 2750 κατέβαλ’,

352 2762 425 2830 ὡς
448 2762 528 2837 ἄρ’
556 2763 624 2821 οὐ
651 2768 953 2821 σθένουσιν
976 2771 1106 2820 θεοί
1116 2791 1130 2831 ;

676 2862 759 2907 735
775 2884 836 2892 —
852 2863 935 2907 748
956 2875 1025 2897 =
1049 2863 1132 2906 750
1148 2884 1208 2891 -
1225 2862 1302 2906 761
