2022 3126
232 118 334 169 434

847 120 984 166 ΙΠΠ
991 120 1268 167 ΟΛΥΤΟΣ

235 269 383 318 ΦΑΙ.
419 259 701 317 ἀπώλεσέν
725 258 784 330 μ’
820 264 1050 315 εἰποῦσα
1073 258 1363 331 συμφορὰς
1387 257 1533 332 ἐμάς,

239 438 346 486 XO

234 522 381 571 ΦΑΙ.

235 691 330 740 ΙΠ.

236 861 333 911 ΤΡ.

228 946 327 995 ΙΠ.

236 1032 335 1080 ΤΡ.

228 1116 262 1165 Ι
259 1117 314 1164 Π
317 1153 327 1163 .

236 1200 334 1249 ΤΡ.

231 1286 326 1336 ΙΠ.

234 1371 333 1418 ΤΡ.

229 1456 327 1504 ΙΠ.

234 1541 334 1588 ΤΡ.

229 1626 262 1674 Ι
257 1625 318 1673 Π
317 1662 326 1672 .

234 1709 333 1758 ΤΡ.

227 1796 260 1844 Ι
257 1795 317 1843 Π
315 1832 325 1842 .

235 1880 334 1927 ΤΡ.

231 1964 315 2013 [Π
315 2001 324 2011 .

895 340 1236 367 22222

419 436 533 495 πῶς
557 421 688 495 οῧν;
715 435 772 484 τί
797 428 1044 499 δράσεις,
1071 422 1114 483 ῶ
1143 426 1386 484 παθοῦσ’
1416 426 1689 501 ἆμήχανα;

417 513 518 571 οὐκ
550 513 673 569 οἶδα
697 512 840 584 πλὴν
865 515 952 583 ἕν,
979 522 1282 568 κατθανεῖν
1305 511 1437 569 ὅσον
1461 514 1619 585 τάχος

420 605 532 654 τῶν
557 604 664 653 νῦν
688 597 980 670 παρόντων
1007 597 1270 669 πημάτων
1293 595 1423 663 ἄκος
1446 599 1635 669 μόνον.
1805 613 1889 656 600

423 676 466 738 ῶ
491 695 618 755 γαῖα
641 688 818 782 μῆτερ
834 679 994 753 ἡλίου
1019 681 1069 737 τ’
1099 680 1426 753 άναπτυχαί,

421 772 554 824 οἴων
577 767 761 838 λόγων
785 764 1023 838 άρρητον
1048 764 1328 838 εἰσήκουσ’
1359 765 1482 823 όπα.

420 859 676 956 σί,,,γησον
705 875 745 906 ω
774 864 896 921 παῖ,
922 858 1056 920 πρίν
1083 849 1193 907 τιν’
1224 854 1524 907 αἰσθέσθαι
1548 860 1696 924 βοῆς.

419 934 522 994 οὐκ
553 935 664 992 ἔστ’
700 934 939 1001 ἀκούσας
965 933 1107 992 δείν’
1137 933 1284 1001 όπως
1308 936 1616 1008 σιγήσομαι.

419 1024 513 1078 ναὶ
536 1021 671 1091 πρός
701 1040 762 1077 σε
806 1027 974 1094 τῆσδε
1024 1025 1203 1088 δεξιᾶς
1235 1019 1529 1076 εὐωλένου.
1815 1031 1894 1075 605

420 1105 486 1162 οὐ
514 1105 586 1178 μὴ
612 1111 923 1177 προσοίσεις
945 1118 1100 1176 χεῖρα
1123 1104 1252 1177 μηδ’
1287 1103 1415 1172 άψει
1440 1108 1694 1173 πέπλων;

423 1193 464 1246 ῶ
491 1190 627 1261 πρός
651 1210 713 1245 σε
735 1190 1014 1261 γονάτων,
1040 1196 1301 1261 μηδαμῶς
1326 1188 1384 1262 μ’
1413 1191 1691 1264 ἐξεργάσῃ.

419 1283 477 1332 τί
499 1273 572 1346 δ’,
601 1283 753 1343 εἴπερ
779 1271 852 1339 ῶς
876 1274 985 1346 φὴς
1011 1276 1185 1374 μηδὲν
1213 1283 1434 1346 εἴρηκας
1461 1274 1665 1342 κακόν;

418 1358 445 1417 ὁ
471 1366 679 1460 μῦθος,
707 1362 748 1414 ῶ
775 1372 901 1430 παῖ,
927 1358 1112 1425 κοινὸς
1138 1357 1394 1431 οὐδαμῶς
1419 1357 1529 1415 ὅδε.

419 1444 486 1501 τά
509 1468 591 1501 τοι
615 1442 735 1500 κάλ’
765 1447 825 1500 ἐν
849 1451 1100 1501 πολλοῖσι
1124 1445 1353 1500 κάλλιον
1377 1446 1576 1515 λέγειν.
1815 1456 1899 1500 610

421 1523 466 1586 ῶ
488 1532 708 1599 τέκνον,
740 1526 942 1601 όρκους
967 1534 1228 1601 μηδαμῶς
1251 1527 1530 1602 ἀτιμάσῃς.

418 1613 462 1701 ἡ.
477 1611 683 1687 γλῶσσ’
713 1611 976 1686 ομῶμοχ’,
1002 1612 1035 1686 ἡ
1062 1615 1124 1670 δε
1147 1613 1297 1686 φρὴν
1321 1612 1617 1685 ἀνώμοτος.

419 1702 460 1756 ῶ
489 1712 612 1770 παῖ,
641 1706 698 1754 τί
723 1699 969 1771 δράσεις;
997 1699 1131 1764 σούς
1156 1706 1355 1770 φίλους
1381 1700 1683 1771 διεργάσει;

416 1782 685 1841 άπέπτυσ’
705 1802 714 1812 ·
749 1781 932 1849 οὐδεὶς
958 1781 1147 1850 άδικός
1171 1788 1290 1840 ε’στί
1306 1807 1398 1855 μοι
1422 1791 1599 1856 φίλος.
1814 1793 1896 1836 614

418 1866 738 1941 σύγγνωθ’
766 1866 1029 1940 ἁμαρτεῖν
1059 1869 1202 1934 εἰκὸς
1229 1866 1596 1940 ἀνθρώπους,
1621 1873 1830 1928 τέκνον.

420 1956 460 2010 ῶ
487 1959 628 2024 Ζεῦ,
657 1960 714 2009 τί
735 1952 803 2025 δὴ
827 1959 1096 2025 κίβδηλον
1124 1951 1444 2025 ἀνθρώποις
1467 1952 1641 2009 κακὸν

417 2052 683 2111 γυναῖκας
709 2043 784 2103 εἰς
809 2044 926 2108 φῶς
949 2037 1112 2110 ἡλίου
1136 2039 1469 2112 κατωκισαςς

421 2130 472 2180 εί
493 2122 597 2195 γὰρ
625 2123 878 2194 βρότειον
908 2119 1108 2193 ἤθελες
1131 2135 1351 2193 σπεῖραι
1375 2124 1550 2193 γένος,
1640 2152 1644 2154 ·

420 2205 521 2264 οὐκ
547 2211 605 2263 ἐκ
629 2212 915 2278 γυναικῶν
937 2212 1075 2279 χρῆν
1093 2209 1472 2277 παρασχέσθαι
1494 2207 1639 2277 τόδε,

419 2290 539 2348 ἀλλ’
569 2289 894 2356 άντιθέντας
918 2305 1096 2347 σοῖσιν
1123 2295 1183 2348 ἐν
1207 2305 1362 2356 ναοῖς
1391 2291 1623 2363 βροτοὺς
1810 2310 1894 2353 620

421 2374 456 2449 ἦ
482 2375 691 2449 χρυσὸν
714 2372 749 2447 ἦ
772 2381 1003 2448 σίδηρον
1026 2372 1061 2447 ἦ
1082 2382 1289 2447 χαλκοῦ
1315 2376 1481 2448 βάρος

420 2467 637 2518 παίδων
667 2467 939 2530 πρίασθαι
963 2462 1204 2532 σπέρμα,
1230 2467 1328 2516 τοῦ
1350 2460 1646 2532 τιμήματος

419 2553 514 2617 τῆς
540 2544 689 2613 ἀξίας
718 2549 976 2601 ἕκαστον·
1009 2547 1069 2600 ἐν
1099 2546 1161 2601 δὲ
1185 2546 1397 2617 δώμασι

421 2638 598 2687 ναίειν
624 2632 967 2700 ἐλευθέροισι
991 2636 1236 2701 θηλειῶν
1265 2627 1411 2699 ἄτερ.

422 2720 547 2782 [νῦν
578 2713 630 2770 δ’
662 2720 737 2779 εἰς
761 2714 966 2785 δόμους
989 2714 1091 2785 μὲν
1113 2721 1334 2787 πρῶτον
1360 2711 1589 2780 ἄξεσθαι
1615 2710 1787 2767 κακὸν
1819 2725 1901 2769 625

423 2801 709 2869 μέλλοντες
734 2795 902 2869 ὄλβον
926 2798 1193 2869 δωμάτων
1218 2802 1542 2869 ἐκτίνομεν]

422 2883 598 2958 τούτῳ
624 2884 685 2939 δὲ
709 2887 878 2954 δῆλον
903 2880 974 2947 ῶς
998 2882 1140 2954 γυνὴ
1167 2882 1340 2939 κακὸν
1362 2885 1500 2954 μέγα
1517 2899 1527 2909 ·
