2022 3126
144 228 254 276 ΘΕ.

143 731 237 778 ΙΟ.

142 985 252 1033 ΘΕ.

139 1069 236 1117 ΙΟ.

141 1154 250 1202 ΘΕ.

139 1239 236 1287 10.

142 1323 251 1371 ΘΕ.

142 1408 239 1455 IO.

142 1493 252 1541 ΘΕ.

144 1577 236 1625 [Ο.

141 1662 250 1710 ΘΕ.

140 1746 238 1794 ΙΟ.

143 1831 252 1879 ΘΕ.

143 1915 237 1963 ῙΟ.

149 2676 257 2724 XO,

761 79 822 125 Η
820 79 1207 126 ΡΑΚΛΕΙΔΑΙ
1688 77 1751 126 31
1760 77 1785 127 l

339 217 525 275 ὅπλων
548 220 648 290 μὲν
671 216 743 289 ἥδ
749 241 777 288 η
803 215 957 288 τήνδ’
986 214 1117 290 ὁρᾷς
1141 223 1492 288 παντευχίαν,
1709 232 1790 276 720

331 304 571 375 φθάνοις
599 299 652 358 δ’
681 299 749 358 ἂν
773 299 875 356 οὐκ
901 298 970 355 ἂν
991 306 1173 356 τοῖσδε
1198 301 1298 356 σὸν
1323 302 1584 371 κρύπτων
1608 305 1787 375 δέμας.

330 475 624 544 μέλλοντας
640 491 651 500 ·
681 478 732 527 εἰ
754 471 815 526 δὲ
839 472 1076 540 τευχέων
1102 476 1268 541 φοβεῖ
1287 471 1468 542 βάρος,

330 563 438 612 νῦν
465 557 565 627 μὲν
591 555 835 626 πορεύου
859 554 1095 626 γυμνός,
1123 557 1182 608 ἐν
1208 555 1267 609 δὲ
1291 555 1506 622 τάξεσιν

328 641 512 715 κόσμῳ
536 642 778 709 πυκάζου
802 637 931 714 τῶδ’
952 657 961 667 ·
990 637 1095 709 ε’γῶ
1123 643 1156 693 δ
1165 636 1177 656 ’
1206 648 1336 694 οἴσω
1360 642 1508 705 τέως.
1711 656 1791 700 725

327 732 505 790 καλῶς
530 728 738 792 ἔλεξας·
768 723 888 780 ἀλλ’
916 725 1035 794 ἐμοὶ
1058 721 1305 795 πρόχειρ’
1338 730 1476 795 ἔχων

330 810 493 882 τεύχη
517 810 725 881 κόμιζε,
750 811 891 881 χειρὶ
916 805 967 863 δ’
997 814 1159 872 ἔνθες
1183 805 1368 879 ὀξύην,

328 895 487 950 λαιόν
513 893 563 950 τ’
593 902 782 967 ἔπαιρε
806 900 1014 964 πῆχυν,
1046 890 1311 948 εὐθύνων
1338 894 1498 949 πόδα.

331 971 366 1050 ἦ
391 984 763 1050 παιδαγωγεῖν
786 976 892 1050 γὰρ
918 975 1016 1032 τὸν
1040 975 1270 1048 ὁπλίτην
1293 978 1500 1050 χρεῶν;

327 1061 557 1135 ὄρνιθος
591 1063 756 1119 εἵνεκ’
801 1060 1062 1134 ἀσφαλῶς
1089 1065 1406 1135 πορευτέον.
1711 1079 1792 1122 730

330 1146 441 1204 εἴθ’
470 1141 618 1219 ἦσθα
643 1146 878 1213 δυνατὸς
902 1151 1042 1216 δρᾶν
1067 1143 1200 1202 ὅσον
1223 1147 1512 1219 πρόθυμος
1539 1148 1600 1204 εἷ.

329 1239 536 1304 ἔπειγε·
563 1235 815 1305 λειφθεὶς
842 1231 998 1287 δεινὰ
1023 1238 1276 1302 πείσομαι
1301 1232 1486 1304 μάχης.

325 1317 395 1373 σύ
418 1340 501 1372 τοι
528 1319 852 1390 βραδύνεις,
917 1314 1018 1372 οὐκ
1044 1316 1176 1387 ἐγώ,
1204 1321 1387 1371 δοκῶν
1412 1341 1460 1372 τι
1487 1323 1640 1390 δρᾶν.

330 1399 540 1457 οὔκουν
563 1400 695 1477 ὁρᾷς
718 1426 824 1474 μου
850 1407 1031 1457 κῶλον
1060 1399 1132 1465 ῶς
1155 1404 1457 1472 ἐπείγεταις

328 1484 438 1556 ὁρῶ
468 1491 738 1543 δοκοῦντα
762 1493 970 1558 μᾶλλον
993 1482 1029 1555 ἦ
1051 1485 1366 1542 σπεύδοντά
1389 1504 1466 1542 σε.
1711 1500 1792 1545 735

328 1569 394 1627 οὐ
419 1569 588 1627 ταῦτα
615 1575 808 1643 λέξεις,
841 1568 988 1641 ἡνίκ’
1017 1567 1086 1626 ἂν
1110 1571 1343 1642 λεύσσῃς
1366 1569 1425 1641 μ’
1456 1574 1582 1627 ἐκεῖ.

327 1662 384 1710 τί
404 1660 651 1728 δρῶντας
676 1662 978 1728 βουλοίμην
1004 1661 1036 1710 δ
1043 1653 1056 1672 '
1086 1652 1154 1710 ἂν
1181 1652 1520 1726 εὐτυχοῦντα
1543 1679 1622 1729 γε.

330 1738 403 1795 δι’
434 1738 662 1807 ἀσπίδος
685 1747 947 1797 θείνοντα
973 1746 1250 1812 πολεμίων
1273 1740 1410 1795 τινά.

336 1830 387 1879 εἰ
409 1825 477 1896 δή
502 1824 635 1882 ποθ’
663 1823 862 1897 ἥξομέν
886 1844 973 1896 γε·
1001 1831 1163 1880 τοῦτο
1188 1823 1291 1895 γὰρ
1319 1824 1506 1896 φόβος.

328 1916 436 1980 φεῦ
456 1929 466 1938 ·

333 1992 464 2065 εἴθ’,
493 1986 537 2050 ῶ
561 2001 833 2097 βραχίων,
860 1991 980 2051 οἷον
1003 1993 1285 2067 ἡβήσαντα
1309 2013 1370 2050 σε
1710 2008 1791 2051 740

329 2077 638 2151 μεμνήμεθ
666 2078 846 2179 ἡμεῖς,
873 2077 1038 2151 ηνίκα
1061 2079 1163 2146 ξυν
1180 2076 1440 2150 Ηρακλεῖ

329 2164 594 2236 Σπάρτην
619 2162 906 2237 ἐπόρθεις,
933 2165 1211 2236 σύμμαχος
1233 2163 1416 2234 γένοιό
1440 2186 1529 2234 μοι

330 2254 604 2323 τοιοῦτος,
630 2245 743 2314 οἷος
767 2245 836 2304 α“ν
860 2248 1070 2322 τροπὴν
1093 2247 1436 2320 Εὐρυσθέως

329 2336 562 2403 θείμην
597 2335 719 2388 ἐπεί
741 2356 822 2389 τοι
850 2335 940 2389 και
970 2334 1133 2399 κακὸς
1163 2337 1346 2405 μένειν
1376 2335 1527 2438 δόρυ

334 2421 483 2472 ἔστιν
507 2414 559 2472 δ’
587 2420 647 2473 ἐν
672 2413 818 2492 όλβω
842 2419 934 2472 καὶ
958 2415 1075 2472 τόδ
1108 2439 1211 2472 ουκ
1237 2414 1422 2488 ὀρθῶς
1446 2422 1588 2488 ἔχον,
1708 2431 1789 2475 745

332 2497 598 2572 εὐψυχίας
625 2501 871 2572 δόκησις·
899 2502 1164 2574 οἰόμεσθα
1187 2500 1291 2573 γὰρ

330 2583 428 2640 τὸν
452 2583 792 2657 ευτυχοῦντα
816 2584 976 2642 πάντ’
1005 2590 1332 2642 ἐπίστασθαι
1356 2592 1551 2653 καλῶς.

332 2674 401 2741 γᾶ
424 2672 518 2726 καὶ
539 2670 839 2742 παννύχιος
865 2671 1065 2727 σελάνα
1245 2719 1249 2724 .
1566 2689 1678 2741 στρ.

331 2756 423 2809 καὶ
452 2754 822 2828 λαμπρόταται
846 2762 986 2811 θεοῦ

657 2852 740 2897 748
755 2875 815 2880 -
833 2852 916 2895 758
936 2873 1006 2893 :z
1030 2852 1111 2896 759
1128 2872 1187 2879 --
1205 2852 1286 2895 769
