2022 3126
212 79 313 129 364

595 81 936 127 ΗΡΑΚΛΗΣ
968 81 1080 126 MA
1086 80 1169 126 IN
1173 79 1214 126 Ο
1223 80 1383 126 ΜΕΝ
1385 79 1479 126 ΟΣ

403 216 433 290 ἡ
456 226 556 275 τοῦ
581 217 719 284 Διὸς
742 219 1100 290 σύλλεκτρος,
1129 215 1201 283 ῶς
1225 216 1508 289 ὀλοίμεθα.

402 306 520 360 ἐπεὶ
546 304 606 359 δὲ
631 301 834 375 σαρκὸς
858 300 1168 376 περιβόλαι’
1198 303 1508 374 ἐκτησάμην

406 386 656 460 ἡβῶντα,
681 388 927 460 μόχθους
951 386 1048 453 οὓς
1073 394 1235 459 ἔτλην
1259 394 1317 442 τί
1337 392 1426 443 δεῖ
1446 389 1657 458 λέγειν;
1764 403 1871 448 1270

401 480 595 539 ποίους
618 471 739 530 ποτ’
769 469 805 544 ἦ
832 476 1053 539 λέοντας
1076 470 1110 544 ἢ
1133 473 1510 545 τρισωμάτους

401 559 690 630 Γηρυόνας
713 554 747 629 ἢ
770 565 1041 630 Γίγαντας
1066 555 1100 630 ἦ
1123 564 1453 628 τετρασκελῆ

401 650 865 715 κενταυροπληθῆ
891 641 1132 714 πόλεμον
1157 640 1261 699 οὐκ
1290 643 1554 713 ἐξήνυσα;

404 729 505 800 τήν
534 726 581 784 τ’
612 726 967 800 ἀμφίκρανον
991 730 1083 784 καὶ
1106 732 1488 799 παλιμβλαστῆ
1513 726 1655 782 κύνα

404 811 585 886 ὕδραν
610 813 914 885 φονεύσας,
939 819 1158 886 μυρίων
1183 809 1231 867 τ’
1262 810 1446 868 ἄλλων
1471 812 1661 867 πόνων
1767 825 1874 869 1275

404 903 642 970 διῆλθον
666 896 863 969 ἀγέλας
891 904 1002 965 κείς
1026 895 1260 970 νεκροὺς
1286 895 1582 968 ἀφικόμην,

388 980 582 1040 Ἅιδου
607 982 869 1056 πυλωρὸν
899 984 1042 1040 κύνα
1066 989 1367 1055 τρίκρανον
1392 988 1468 1048 εἰς
1492 979 1632 1053 φάος

404 1066 552 1134 ὅπως
575 1067 903 1141 πορεύσαιμ’
933 1072 1175 1133 ἐντολαῖς
1198 1065 1559 1139 Εὐρυσθέως.

407 1152 464 1210 τὸ
494 1160 751 1210 λοίσθιον
775 1154 837 1210 δὲ
860 1153 1012 1210 τόνδ’
1043 1160 1204 1225 ἔτλην
1228 1153 1392 1218 τάλας
1417 1151 1613 1222 φόνον,

403 1238 842 1310 παιδοκτονήσας
875 1243 1032 1310 δῶμα
1059 1243 1373 1310 θριγκῶσαι
1402 1249 1605 1302 κακοῖς.
1772 1251 1878 1294 1280

404 1321 520 1395 ἥκω
548 1322 602 1379 δ’
633 1322 876 1395 ἀνάγκης
902 1329 978 1388 εἰς
1002 1321 1140 1380 τόδ’·
1183 1319 1304 1378 οὔτ’
1334 1325 1486 1393 ἐμαῖς
1511 1327 1697 1392 φίλαις

406 1410 614 1481 Θήβαις
639 1412 876 1465 ἐνοικεῖν
899 1405 1054 1465 ὅσιον
1072 1428 1082 1437 ·
1117 1405 1188 1480 ῆν
1212 1407 1274 1463 δὲ
1296 1408 1389 1462 καὶ
1411 1408 1577 1478 μένω,

406 1500 480 1560 εἰς
506 1508 666 1550 ποῖον
693 1492 846 1567 ἱερὸν
871 1489 906 1566 ἢ
932 1495 1249 1566 πανήγυριν
1276 1499 1459 1563 φίλων

408 1577 537 1651 εἷμ’;
567 1577 634 1635 οὗ
662 1577 768 1651 γὰρ
794 1577 925 1645 ἄτας
950 1577 1403 1651 εὐπροσηγόρους
1428 1583 1547 1648 ἔχω.

405 1662 526 1720 ἀλλ’
551 1662 751 1736 ’Ἀργος
777 1670 955 1731 ἕλθως
983 1671 1113 1735 πῶς,
1140 1664 1258 1719 ἐπεὶ
1283 1662 1475 1733 φεύγω
1500 1661 1739 1733 πάτρανς
1774 1675 1879 1720 1285

406 1747 533 1821 φέρ’
562 1748 687 1805 ἀλλ’
722 1753 775 1815 ἐς
800 1747 973 1821 ἄλλην
999 1749 1067 1821 δή
1095 1746 1202 1805 τιν’
1231 1744 1454 1820 ὁρμήσω
1480 1746 1668 1803 πόλιν·

405 1833 545 1890 κάπε
551 1833 633 1890 ιθ’
662 1832 1096 1907 ὑποβλεπώμεθ’
1127 1831 1199 1899 ῶς
1224 1835 1587 1904 ἐγνωσμένοι,

404 1919 654 1992 γλώσσης
678 1933 893 1991 πικροῖς
917 1922 1193 1992 κέντροισι
1217 1914 1716 1990 κλῃδουχούμενοι·

407 2028 507 2075 ουχ
533 2006 693 2070 οὑτος
717 2003 745 2062 ὁ
769 2005 908 2070 Διός
924 2048 937 2075 ,
970 2001 1030 2069 ὂς
1054 2001 1205 2060 τέκν’
1239 2004 1483 2058 ἔκτεινέν
1509 2024 1641 2058 ποτε

406 2090 654 2162 δάμαρτά
678 2087 745 2143 τ’·
733 2112 839 2157 ,ου
864 2095 962 2161 γῆς
987 2086 1142 2160 τῆσδ’
1173 2085 1657 2160 ἆποφθαρήσεται;
1772 2100 1882 2144 1290

406 2177 723 2250 κεκλημένῳ
749 2175 811 2230 δὲ
836 2176 978 2246 φωτὶ
1005 2179 1257 2248 μακαρίῳ
1281 2172 1413 2228 ποτὲ

407 2264 469 2315 αἱ
486 2262 785 2332 μεταβολαὶ
808 2258 1087 2331 λυπηρόν·
1127 2251 1170 2333 ᾦ
1197 2255 1248 2314 δ’
1281 2254 1368 2312 ἀεὶ
1392 2263 1573 2321 κακῶς

409 2341 542 2416 ἔστ’,
570 2342 740 2401 οὐδὲν
764 2342 926 2416 ἀλγεῖ
945 2349 1230 2415 συγγενῶς
1256 2342 1524 2414 δύστηνος
1550 2339 1645 2397 ὤν.

408 2435 484 2495 εἰς
509 2436 672 2486 τοῦτο
699 2428 748 2485 δ’
777 2427 929 2502 ἥξειν
953 2434 1244 2500 συμφορᾶς
1268 2427 1423 2499 οἶμαί
1443 2446 1602 2483 ποτε·

408 2514 604 2586 φωνὴν
629 2514 734 2586 γὰρ
760 2513 882 2587 ῆσει
906 2512 1065 2585 χθῶν
1091 2511 1482 2570 ἀπεννέπουσά
1504 2535 1572 2583 με
1771 2524 1881 2570 1295

410 2599 483 2671 μὴ
508 2600 805 2671 θιγγάνειν
828 2606 927 2671 γῆς
951 2600 1043 2654 καὶ
1068 2599 1323 2654 θάλασσα
1346 2597 1418 2670 μὴ
1445 2603 1622 2668 περᾶν

410 2691 586 2756 πηγαί
609 2708 667 2741 τε
692 2691 977 2756 ποταμῶν,
1003 2685 1097 2740 καὶ
1122 2682 1219 2740 τὸν
1245 2681 1627 2755 ἁρματήλατον

402 2765 570 2836 Ἰξίον’
599 2772 659 2825 ἐν
684 2775 967 2841 δεσμοῖσιν
994 2766 1373 2841 ἐκμιμήσομαι.

407 2853 543 2920 πρὸς
571 2852 723 2908 ταῦτ’
763 2855 951 2922 ἄριστα
981 2855 1151 2923 μηδέν
1177 2850 1448 2921 Ἑλλήνων
1476 2845 1538 2920 μ’
1569 2847 1726 2917 ὁρᾶν,
