2022 3126
813 97 1064 146 ΕΚΑΒΗ
1681 97 1773 150 175

302 236 500 302 παῖδάς
522 260 580 292 τε
607 233 796 292 τούσδ’
826 242 1098 304 ἔκτεινεν;
1124 231 1160 309 ἦ
1183 240 1356 309 μέγαν
1378 239 1543 309 χόλον

304 324 391 377 σοὶ
414 322 507 377 καὶ
531 323 806 376 τέκνοισιν
832 319 976 390 εἶχεν
1002 339 1148 386 οστις
1170 325 1241 392 ἠν
1270 319 1392 394 άρα.

108 411 297 464 ΠΛΜ.
318 404 516 477 Εκάβη
542 427 609 476 με
632 403 740 460 σὺν
764 406 1019 476 γυναιξιν
1047 411 1438 477 αἰχμαλωτίσιν
1668 426 1771 466 1120

301 486 563 560 άπῶλεσ’,
589 486 693 544 οὐκ
718 486 959 545 άπῶλεσ’
988 487 1126 545 ἀλλὰ
1160 492 1437 562 μειζόνως.

114 579 223 630 ΑΓ.
293 582 352 631 τί
371 575 507 646 φής;
531 573 601 629 σὺ
626 570 867 645 τοῦργον
893 582 1143 645 εἴργασαι
1165 573 1303 645 τόδ’,
1332 574 1405 642 ῶς
1427 578 1602 649 λέγει·
1590 621 1603 645 ,

300 657 369 715 σὺ
395 660 629 729 τόλμαν,
648 655 874 759 Εκάβη,
901 656 1057 730 τήνδ’
1087 666 1241 731 ἔτλης
1265 658 1575 733 άμήχανον;

111 748 294 799 ΠΛΜ.
323 741 488 816 ῶμοι,
514 749 572 798 τί
592 746 790 810 λέξειςς
817 746 850 814 ἡ
874 742 980 814 γὰρ
990 745 1185 851 ,ἐγγύς
1194 749 1313 801 ἐστί
1331 768 1471 801 που·
1458 790 1472 813 ,

301 829 576 900 σήμηνον,
604 828 722 884 εἰπε
745 835 854 884 ποῦ
887 825 1025 899 Ησθ,
1053 827 1127 884 ἵν’
1157 827 1405 901 ἁρπάσας
1428 844 1615 902 χεροῖν
1666 847 1772 888 1125

301 912 683 984 διασπάσωμαι
707 915 798 968 καὶ
824 914 1146 985 καθαιμάξω
1171 915 1323 987 χρόα.

109 1001 222 1051 ΑΓ.
294 990 480 1068 οὗτος,
504 1004 563 1053 τί
584 997 837 1068 πάσχεις;
861 1004 1049 1054 ΠΛΜ.
1077 999 1214 1071 πρὸς
1237 1006 1392 1055 θεῶν
1415 1019 1476 1056 σε
1500 1007 1771 1073 λίσσομαι,

296 1084 465 1153 μέθες
488 1079 545 1153 μ’
575 1085 791 1152 ἐφεῖναι
812 1088 943 1155 τῇδε
967 1091 1268 1156 μαργῶσαν
1290 1087 1438 1157 χέρα.

109 1173 221 1222 ΑΓ.
290 1165 402 1238 ἶσχ’
423 1186 432 1195 ·
464 1166 714 1238 ἐκβαλῶν
738 1168 799 1223 δὲ
822 1174 1053 1240 καρδίας
1077 1168 1135 1226 τὸ
1162 1169 1447 1241 βάρβαρον

299 1249 437 1323 λέγ’,
465 1249 538 1316 ῶς
562 1249 802 1317 ἀκούσας
833 1259 936 1309 σοῦ
960 1277 1019 1309 τε
1046 1257 1213 1325 τῆσδέ
1232 1251 1282 1309 τ’
1311 1257 1371 1310 ἐν
1395 1256 1543 1327 μέρει
1664 1270 1773 1313 1130

298 1343 472 1407 κρίνω
498 1342 726 1402 δικαίως
752 1335 885 1394 ἀνθ’
915 1335 1046 1394 ὅτου
1073 1339 1294 1410 πάσχεις
1317 1338 1465 1395 τάδε.

109 1424 294 1474 ΠΛΜ.
322 1419 531 1492 λέγοιμ’
562 1420 646 1477 ἄν.
673 1415 744 1494 ἦν
767 1447 847 1488 τις
871 1429 1202 1495 Πριαμιδῶν
1227 1423 1498 1489 νεῶτατος

299 1507 641 1578 Πολύδωρος
659 1504 888 1579 Ἑκάβης
911 1521 1064 1579 παῖς,
1092 1506 1157 1565 ὂν
1183 1512 1242 1564 ἐκ
1279 1515 1477 1580 Τροίας
1504 1511 1622 1580 ἐμοὶ

301 1589 477 1661 πατὴρ
509 1596 704 1647 δίδωσι
728 1599 978 1664 Πρίαμος
1010 1597 1070 1649 ἐν
1095 1594 1284 1664 δόμοις
1308 1596 1550 1665 τρέφειν,

299 1671 541 1741 ὕποπτος
566 1672 645 1731 ῶν
671 1678 740 1748 δὴ
772 1684 1018 1749 Τρωικῆς
1043 1676 1312 1743 ἆλωσεως.
1664 1693 1772 1736 1135

301 1766 499 1816 τοῦτον
523 1759 827 1818 κατέκτειν’
850 1760 1023 1818 ’ἄνθ’
1054 1761 1186 1820 ὅτου
1214 1761 1268 1818 δ’
1300 1763 1515 1819 ἔκτεινά
1539 1787 1657 1827 νιν;

294 1846 577 1945 [ἅκουσον,
597 1843 669 1911 ῶς
695 1839 761 1903 εὖ
783 1849 875 1902 και
898 1854 1046 1920 σοφῇ
1072 1854 1375 1922 προμηθία.
1383 1853 1398 1914 ]

300 1933 483 1985 ἔδεισα
510 1929 584 2001 μὴ
608 1933 694 1987 σοὶ
719 1935 975 2003 πολέμιος
998 1935 1253 2004 λειφθεὶς
1276 1930 1305 1989 ὁ
1330 1946 1456 1999 παῖς

307 2021 512 2086 Τροιάν
537 2013 775 2087 ἀθροίσῃ
806 2017 894 2071 καὶ
929 2019 1208 2091 ξυνοικίσῃ
1239 2017 1433 2085 πάλιν,

298 2099 524 2169 γνόντες
548 2105 581 2155 δ
587 2098 600 2118 ’
629 2098 833 2172 Ἀχαιοὶ
857 2108 1032 2169 ζῶντα
1054 2108 1386 2175 Πριαμιδῶν
1411 2126 1533 2159 τινα
1661 2118 1771 2159 1140

299 2191 542 2284 Φρυγῶν
566 2188 619 2251 ἐς
644 2186 771 2242 αἶαν
797 2180 967 2252 αὖθις
1003 2185 1196 2255 ἱέρειαν
1225 2188 1422 2244 στόλον

298 2266 527 2325 κάπειτα
554 2271 773 2343 Θρῄκης
796 2277 961 2328 πεδία
985 2278 1231 2344 τρίβοιεν
1253 2272 1384 2328 τάδε

299 2360 721 2426 λεηλατοῦντες,
749 2364 991 2428 γείτοσιν
1017 2355 1070 2413 δ’
1100 2366 1184 2429 εἴη
1209 2357 1384 2413 κακὸν

304 2439 510 2510 Τρώων
534 2442 594 2495 ἐν
618 2442 767 2515 ῶπερ
789 2447 925 2512 νῦν,
956 2439 1169 2511 ἅναξ,’
1142 2442 1464 2514 εκάμνομεν.

291 2519 488 2595 Ἑκάβη
513 2525 575 2580 δε
602 2525 799 2592 παιδὸς
825 2533 1038 2598 γνοῦσα
1065 2528 1380 2599 θανάσιμον
1402 2527 1576 2599 μόρον
1664 2542 1767 2583 1145

297 2607 444 2681 λόγῳ
470 2632 536 2679 με
560 2609 746 2685 τοιῷδ’
774 2609 959 2683 ἤγαγ’,
988 2609 1060 2676 ῶς
1084 2615 1465 2684 κεκρυμμένοις

297 2691 474 2763 θήκας
500 2694 790 2766 φράσουσα
811 2701 1142 2768 Πριαμιδῶν
1166 2701 1226 2753 ἐν
1248 2695 1391 2772 Ἰλίῳ,

299 2783 536 2847 χρυσοῦ·
562 2779 737 2849 μόνον
761 2781 823 2836 δὲ
848 2780 955 2836 σὺν
978 2783 1224 2838 τέκνοισί
1245 2779 1302 2853 μ’
1333 2781 1536 2854 εἰσάγει

302 2862 535 2932 δόμους,
567 2861 645 2918 ἵν’
673 2862 836 2930 ἄλλος
860 2866 932 2936 μή
958 2889 1038 2930 τις
1064 2871 1235 2937 εἰδείη
1258 2867 1404 2924 τάδε.
