2022 3126
119 907 250 957 MA.

119 1754 211 1803 [0.

745 86 1189 134 ΗΡΑΚΛΕΙΔΑΙ
1674 89 1772 139 303

307 231 366 280 τί
386 224 490 296 γὰρ
514 227 770 296 γέροντος
795 222 998 294 ἀνδρὸς
1022 224 1321 295 Εὐρυσθεῖ
1342 231 1510 283 πλέον

307 309 607 375 θανόντος;
636 305 773 364 ἀλλὰ
798 309 997 364 τούσδε
1021 310 1279 380 βούλεται
1302 326 1540 368 κτανεῖν.

309 392 498 449 δεινὸν
522 392 626 465 γὰρ
651 396 872 463 ἐχθροῖς
896 393 1294 464 βλαστάνοντες
1320 393 1581 467 εὐγενεῖς,

307 484 525 533 νεανίαι
547 501 605 532 τε
630 479 722 532 καὶ
746 476 950 549 πατρὸς
973 482 1308 550 μεμνημένοι

308 563 507 634 λύμης·
538 559 572 616 ἂ
595 575 782 617 κεῖνον
807 563 984 618 πάντα
1009 578 1347 634 προσκοπεῖν
1371 568 1566 637 χρεῶν.
1690 583 1774 625 470

307 645 430 702 ἀλλ’
462 655 517 702 εἴ
533 644 642 702 τιν’
671 644 845 717 ἄλλην
870 647 1036 702 οἶσθα
1060 653 1426 721 καιριωτέραν

304 731 541 802 βουλήν,
571 729 822 802 ἑτοίμαζ’,
851 728 922 796 ῶς
949 730 1112 803 ἔγωγ’
1142 729 1415 805 ἀμήχανος

302 822 563 887 χρησμῶν
589 813 825 880 ἀκούσας
854 818 963 886 εἰμὶ
988 819 1080 872 καὶ
1106 817 1285 889 φόβου
1310 822 1501 886 πλέως.

309 903 483 971 ξένοι,
509 901 719 972 θράσος
743 924 833 971 μοι
858 901 1032 972 μηδὲν
1057 902 1263 968 ἐξόδοις
1288 907 1438 975 ἐμαῖς

308 991 592 1055 προσθῆτε
609 1003 620 1013 ·
649 991 869 1056 πρῶτον
892 985 997 1057 γὰρ
1024 984 1143 1042 τόδ’
1173 989 1516 1061 ἐξαιτήσομαι
1533 1009 1544 1019 ·
1689 1004 1771 1048 475

305 1071 531 1140 γυναικὶ
555 1068 658 1141 γὰρ
685 1070 812 1141 σιγή
836 1093 892 1125 τε
918 1073 1010 1125 καὶ
1035 1070 1095 1126 τὸ
1120 1087 1436 1142 σωφρονεῖν

306 1154 624 1223 κάλλιστον,
654 1163 782 1209 εἴσω
808 1153 869 1209 θ’
899 1153 1108 1226 ἥσυχον
1131 1159 1320 1227 μένειν
1346 1159 1545 1230 δόμων.

303 1245 414 1294 τῶν
439 1245 554 1293 σῶν
579 1237 630 1293 δ’
660 1237 948 1309 άκούσασ’,
969 1239 1201 1311 Ἰόλεως,
1228 1245 1619 1315 στεναγμάτων

305 1327 567 1394 ἐξῆλθον,
595 1321 661 1379 οὐ
686 1333 951 1394 ταχθεῖσα
979 1327 1312 1396 πρεσβεύειν
1337 1331 1546 1398 γένους.

305 1405 424 1463 ἀλλ’
455 1410 564 1479 εἰμὶ
593 1409 697 1479 γάρ
723 1432 837 1474 πως
861 1409 1196 1481 πρόσφορος,
1222 1414 1373 1482 μέλει
1405 1417 1470 1468 δέ
1489 1438 1579 1484 μοι
1690 1430 1774 1472 480

303 1490 519 1564 μάλιστ’
549 1490 811 1564 ἀδελφῶν
836 1499 1039 1565 τῶνδε,
1066 1493 1347 1567 κάμαυτῆς
1369 1501 1494 1568 πέρι

302 1581 454 1633 θέλω
478 1580 793 1648 πυθέσθαι,
819 1578 891 1650 μὴ
917 1577 999 1634 ’πὶ
1025 1594 1138 1644 τοῖς
1162 1581 1330 1636 πάλαι
1353 1597 1541 1648 κακοῖς

303 1662 708 1733 προσκείμενόν
734 1687 784 1718 τι
809 1670 959 1735 πῆμα
984 1663 1089 1735 σὴν
1114 1666 1304 1721 δάκνει
1330 1669 1524 1739 φρένα.

305 1748 345 1801 ῶ
371 1760 498 1817 παῖ,
525 1748 759 1818 μάλιστα
783 1766 815 1803 σ
865 1746 934 1804 οὐ
957 1752 1155 1804 νεωστὶ
1181 1749 1248 1821 δὴ
1274 1753 1484 1807 τέκνων

304 1838 416 1886 τῶν
438 1829 777 1903 Ηρακλείων
803 1836 1035 1898 ἐνδίκως
1059 1840 1237 1890 αἰνεῖν
1262 1841 1383 1906 ἔχω.
1690 1851 1773 1894 485

301 1914 432 1988 ἡμῖν
458 1917 519 1972 δε
543 1917 701 1983 δόξας
728 1909 794 1972 εὖ
819 1926 1169 1990 προχωρῆσαι
1196 1919 1361 1990 δόμος

301 2001 468 2057 πάλιν
492 2000 788 2073 μεθέστηκ’
818 1995 988 2068 αὖθις
1013 2010 1087 2069 είς
1111 2002 1447 2076 ταμήχανον

301 2093 563 2157 χρησμῶν
585 2086 690 2159 γὰρ
719 2084 900 2161 ᾠδούς
925 2107 1061 2160 φησι
1086 2096 1375 2160 σημαίνειν
1401 2088 1512 2159 ὅδε,

306 2168 373 2226 οὐ
401 2177 610 2243 ταῦρον
633 2168 767 2227 οὐδὲ
793 2173 1025 2244 μόσχον,
1057 2172 1194 2229 ἀλλὰ
1218 2178 1504 2247 παρθένον

302 2255 504 2326 σφάξαι
534 2253 672 2328 κόρῃ
705 2257 995 2356 Δημητρος
1025 2258 1141 2329 ἥτις
1174 2258 1434 2329 ευγενής,
1688 2274 1774 2318 490

308 2345 358 2394 εί
380 2338 482 2411 χρὴ
509 2364 610 2411 μεν
633 2337 800 2411 ἡμᾶς,
826 2341 928 2412 χρὴ
955 2342 1016 2397 δε
1040 2340 1196 2413 τήνδ’
1231 2343 1371 2398 εἶναι
1398 2343 1576 2399 πόλιν.

305 2422 460 2479 ταῦτ’
491 2427 596 2480 οὐν
624 2423 1039 2497 αμηχανοῦμεν·
1067 2423 1195 2482 ου’τε
1220 2452 1324 2499 γαρ
1350 2430 1514 2483 τέκνα

303 2508 533 2579 σφάξειν
558 2506 644 2564 όδ’
676 2507 851 2565 αὑτοῦ
877 2530 1048 2582 φησιν
1072 2509 1191 2566 οὔτ’
1222 2510 1393 2567 άλλου
1417 2513 1581 2578 τινός.

307 2590 489 2664 [κάμοὶ
513 2597 660 2664 λέγει
689 2595 790 2666 μὲν
814 2593 881 2650 οὐ
906 2603 1123 2668 σαφῶς,
1151 2599 1297 2667 λέγει
1324 2600 1390 2652 δέ
1410 2619 1540 2668 πως,

308 2683 359 2732 εἰ
382 2678 454 2749 μή
484 2702 534 2733 τι
560 2679 773 2735 τούτων
803 2681 1298 2752 ἐξαμηχανήσομεν,
1694 2695 1773 2740 495

303 2759 442 2833 ἡμᾶς
465 2764 566 2834 μὲν
591 2761 765 2835 ἄλλην
791 2778 955 2836 γαῖαν
980 2763 1261 2834 εὑρίσκειν
1284 2766 1424 2835 τινά,

302 2844 469 2913 αὐτὸς
494 2847 555 2903 δὲ
578 2855 750 2903 σῶσαι
773 2849 937 2920 τήνδε
959 2849 1217 2920 βούλεται
1242 2851 1456 2922 χθόνα]
