2022 3126
103 650 208 697 XO.

100 821 212 866 ΑΔ.

95 1496 207 1544 XO.

96 1669 212 1714 AA.

98 2090 205 2138 ΧΟἑ

735 84 1102 130 ΑΛΚΗΣΤῙΣ
1685 84 1750 135 23

290 220 428 294 ἡγοῦ
468 224 536 276 σύ
567 227 702 294 τῷδε
749 220 1019 291 δωμάτων
1043 224 1307 287 ἐξωπίους

287 310 525 374 ξενῶνας
551 307 724 374 οἴξας,
752 317 864 368 τοῖς
884 302 923 358 τ’
952 307 1259 374 ἐφεστῶσιν
1284 307 1499 375 φράσον

286 398 455 446 σίτων
478 401 734 459 παρεῖναι
758 395 999 458 πλῆθος·
1032 393 1092 444 ἐν
1122 391 1183 445 δὲ
1208 391 1442 463 κλῄσατε

284 474 465 544 θύρας
488 473 820 543 μεσαύλους·
850 470 917 528 οὐ
944 476 1140 541 πρέπει
1165 478 1546 546 θοινωμένους
1597 494 1600 497 ’

283 557 475 614 κλύειν
500 563 823 628 στεναγμῶν
847 554 979 612 οὐδὲ
1007 565 1307 614 λυπεῖσθαι
1335 561 1540 626 ξένους.
1672 578 1752 620 550

279 649 336 698 τί
356 647 519 715 δρᾷς;
549 642 806 712 τοιαύτης
832 648 1125 712 συμφορᾶς
1150 646 1573 717 προσκειμένης,

267 725 532 798 ’Ἀδμητε,
560 732 760 799 τολμᾷς
786 728 1127 792 ξενοδοκεῖν;
1153 734 1210 782 τί
1229 735 1413 799 μῶρος
1440 729 1514 795 εἷς

285 809 395 867 ἀλλ’
426 817 476 867 εἰ
497 811 686 881 δόμων
710 829 817 882 σφε
843 814 936 866 καὶ
960 812 1169 875 πόλεως
1195 810 1449 884 ἀπήλασα

283 899 441 963 ξένον
468 894 736 966 μολόντα,
762 901 973 965 μᾶλλον
1001 893 1071 951 ἅν
1095 895 1141 967 μ’
1174 898 1469 970 ἐπῄνεσας;

282 978 349 1036 οὐ
374 977 505 1052 δῆτ’,
533 983 657 1035 ἐπεί
676 1003 766 1050 μοι
792 979 1053 1052 συμφορὰ
1078 982 1179 1052 μὲν
1204 980 1372 1038 οὐδὲν
1404 979 1473 1038 ἂν
1672 999 1754 1041 555

281 1071 454 1136 μείων
479 1063 734 1134 ἐγίγνετ’,
761 1063 1095 1136 ἆξενῶτερος
1122 1071 1153 1120 δ
1161 1064 1174 1083 ’
1204 1068 1327 1138 ἐγώ.

282 1152 375 1205 καὶ
400 1149 536 1219 πρὸς
561 1162 814 1204 κακοῖσιν
840 1147 971 1205 ἄλλο
996 1149 1136 1206 τοῦτ’
1167 1148 1236 1206 ἂν
1263 1145 1332 1223 ἦν
1357 1153 1546 1223 κακόν,

282 1235 488 1306 δόμους
514 1242 805 1290 καλεῖσθαι
830 1234 961 1299 τοὺς
985 1236 1151 1306 ἐμοὺς
1175 1240 1523 1304 κακοξένους.

280 1318 446 1385 αὐτὸς
470 1317 521 1375 δ’
552 1316 781 1387 ἀρίστου
812 1325 977 1376 τοῦδε
1000 1319 1253 1392 τυγχάνω
1280 1325 1459 1392 ξένου,

279 1402 412 1460 ὅταν
437 1401 550 1460 ποτ’
562 1401 802 1475 ’Ἄργους
827 1410 1021 1469 διψίαν
1047 1412 1195 1461 ἔλθω
1222 1406 1417 1476 χθόνα.
1668 1421 1752 1465 560

277 1496 391 1554 πῶς
416 1481 519 1545 οὖν
544 1494 809 1560 ἔκρυπτες
832 1488 929 1544 τὸν
960 1491 1207 1560 παρόντα
1232 1496 1486 1562 δαίμονα,

282 1581 451 1645 φίλου
476 1574 740 1644 μολόντος
768 1571 996 1645 ἀνδρός,
1025 1573 1097 1640 ῶς
1123 1573 1288 1641 αὐτὸς
1313 1579 1518 1647 λέγεις;

282 1658 384 1714 οὐκ
410 1656 478 1714 ἄν
503 1656 615 1714 ποτ’
650 1656 925 1730 ἠθέλησεν
953 1667 1228 1716 εἰσελθεῖν
1253 1662 1474 1732 δόμους,

285 1749 336 1798 εί
355 1750 466 1799 τῶν
491 1747 638 1814 ε’μῶν
661 1767 712 1798 τι
737 1745 1002 1815 πημάτων
1031 1744 1314 1816 ἐγνώρισε.

281 1830 373 1884 καὶ
397 1834 471 1902 τῷ
496 1830 597 1899 μὲν
621 1827 770 1899 οἶμαι
796 1834 948 1901 δρῶν
976 1827 1097 1885 τάδ’
1127 1828 1194 1885 οὐ
1220 1844 1452 1902 φρονεῖν
1477 1838 1642 1902 ὀόκω,
1669 1845 1752 1889 565

280 1910 406 1969 οὐδ’
435 1915 640 1968 αἰνέσει
665 1932 757 1984 με·
781 1911 924 1985 τάμὰ
949 1913 1002 1970 δ’
1032 1913 1135 1970 οὐκ
1160 1917 1441 1972 ἐπίσταται

280 1996 505 2073 μέλαθρ’
535 1995 789 2054 ἀπωθεῖν
814 1997 940 2055 οὐδ’
971 1998 1248 2071 ἀτιμάζειν
1271 2004 1478 2067 ξένους.

276 2075 321 2138 ῶ
379 2083 700 2150 πολύξεινος
757 2078 848 2139 καὶ
905 2085 1201 2156 ἐλεύθερος
1255 2083 1460 2157 ἀνδρὸς
1507 2084 1599 2142 ἀεί
1636 2087 1748 2143 ποτ’

845 2168 1010 2239 οἶκος,
1550 2191 1665 2244 στρ.

277 2256 342 2309 σε’
361 2276 445 2307 τοι
468 2255 561 2308 καὶ
584 2251 611 2308 ὁ
637 2253 857 2318 Πύθιος
883 2251 1120 2324 εὐλύρας
1139 2252 1422 2312 Ἀπόλλων
1669 2269 1752 2314 570

277 2336 474 2411 ἠξίωσε
498 2345 696 2406 ναίειν,

281 2428 406 2478 ἔτλα
432 2423 493 2478 δὲ
517 2437 662 2479 σοῖσι
686 2424 998 2494 μηλονόμας

279 2510 338 2562 ἐν
362 2507 548 2578 δόμοις
572 2509 853 2579 γενέσθαι,

282 2596 512 2662 δοχμιᾶν
538 2591 631 2648 διὰ
653 2593 896 2648 κλιτύων
1668 2605 1750 2651 575

282 2675 587 2747 βοσκήμασι
612 2690 756 2733 σοῖσι
779 2685 1020 2748 συρίζων

284 2767 568 2828 ποιμνίτας
591 2760 909 2832 ὑμεναίους.

663 2860 748 2902 568
762 2881 823 2886 -
841 2859 923 2903 577
936 2873 1003 2892 Ξ
1017 2861 1100 2904 578
1114 2884 1175 2890 -
1192 2861 1273 2904 587
