2022 3126
579 467 1198 522 ΥΠΟΘΕΣΙΣ.

266 718 463 787 Ἰόλαος
495 718 620 786 υίὸς
650 722 752 792 μὲν
786 713 857 791 ἦν
887 718 1218 792 Ἰφικλέους,
1256 717 1593 791 ἀδελφιδοῦς
1627 718 1687 774 δὲ

93 803 449 880 Ἡρακλέους·
476 809 536 862 ἐν
569 806 784 878 νεότητι
823 802 876 859 δ’
915 809 1108 879 ἐκείνῳ
1144 802 1688 877 συστρατευσάμενος

98 894 160 948 ἐν
182 890 326 964 γήρᾳ
349 903 462 955 τοῖς
488 893 540 957 ἐξ
568 893 787 946 ἐκείνου
811 889 1022 962 βοηθὸς
1048 887 1248 954 εύνους
1273 892 1528 962 παρέστη.
1577 894 1689 944 τῶν

96 974 201 1049 γὰρ
227 980 444 1031 παίδων
469 978 521 1042 ἐξ
555 972 766 1046 ἁπάσης
801 977 1190 1046 ἐλαυνομένων
1223 980 1323 1046 γῆς
1356 972 1455 1029 ὑπ’
1493 970 1688 1046 Ευρυ-

97 1062 305 1130 σθέως,
332 1065 470 1131 ἔχων
494 1082 700 1124 αυτους
729 1051 907 1130 ἦλθεν
941 1066 1017 1126 εἰς
1050 1057 1288 1130 Ἀθήνας
1320 1057 1482 1115 κάκεῖ
1513 1077 1686 1130 προσ»
1709 1074 1735 1117 5

97 1143 298 1218 φυγῶν
332 1157 444 1209 τοῖς
478 1153 634 1210 θεοῖς
669 1150 790 1215 ἔσχε
824 1143 925 1216 τὴν
960 1143 1270 1217 ασφαλειαν
1304 1150 1687 1216 Δημοφῶντος

95 1235 190 1301 τῆς
213 1229 424 1295 πόλεως
447 1236 799 1301 κρατοῦντος.
825 1233 1090 1304 Κοπρέως
1113 1230 1175 1286 δὲ
1208 1235 1308 1286 τοῦ
1342 1228 1688 1302 Εὐρυσθέως

94 1314 337 1388 κήρυκος
364 1310 618 1370 ἀποσπᾶν
639 1316 904 1379 θέλοντος
926 1313 1054 1380 τοῦς
1080 1317 1256 1380 ἱκέτας
1280 1315 1558 1370 ἐκώλυσεν
1582 1312 1688 1369 αὐ·-

96 1399 218 1455 τόν·
260 1394 291 1455 ὃ
314 1398 375 1454 δὲ
400 1395 620 1470 ἀπῆλθε
654 1398 896 1470 πόλεμον
931 1397 1228 1472 ἀπειλήσας
1263 1401 1684 1470 προσδέχεσθαι.

95 1490 386 1555 Δημοφῶν
411 1484 471 1539 δὲ
493 1484 694 1540 τούτου
718 1484 820 1555 μὲν
844 1481 1114 1557 ὠλιγώρει
1131 1504 1142 1514 ·
1167 1491 1427 1556 χρησμῶν
1451 1485 1512 1540 δὲ
1535 1481 1685 1559 αὐτῷ
1706 1497 1754 1539 10

96 1568 422 1640 νικηφόρων
459 1571 840 1640 γενηθέντων,
882 1568 980 1625 ἐὰν
1014 1570 1269 1642 Δήμητρι
1313 1568 1415 1641 τὴν
1461 1567 1664 1643 εὐγενε-

96 1653 300 1725 στάτην
325 1656 628 1723 παρθένων
653 1654 861 1727 σφάξῃ,
888 1668 1000 1720 τοῖς
1040 1653 1222 1727 λόγοις
1256 1657 1468 1727 βαρέως
1502 1661 1684 1726 ἔσχεν’

96 1736 225 1794 οὔτε
247 1737 352 1809 γὰρ
379 1742 530 1795 ἰδίαν
555 1736 684 1794 οὔτε
709 1744 820 1794 τῶν
844 1747 1084 1795 πολιτῶν
1107 1763 1255 1804 τινος
1282 1742 1566 1813 θυγατέρα
1589 1739 1687 1811 χα-

96 1846 188 1893 ριν
211 1829 324 1878 τῶν
350 1827 546 1879 ἱκετῶν
571 1821 890 1880 ἀποκτεῖναι
917 1829 1136 1881 δίκαιον
1170 1823 1370 1897 ἡγεῖτο.
1418 1823 1520 1897 τὴν
1544 1848 1687 1896 μαν-

95 1914 248 1963 τείαν
273 1909 333 1963 δε
357 1914 677 1980 προγνοῦσα
699 1915 796 1980 μία
819 1915 931 1965 τῶν
955 1907 1288 1982 Ἡρακλέους
1313 1915 1530 1966 παίδων
1553 1918 1686 1966 Μα-
1704 1926 1754 1966 15

94 1999 288 2064 καρία,
326 1991 424 2048 τὸν
457 1993 708 2049 θανατον
753 1996 1018 2061 ἑκουσιως
1062 1995 1289 2068 ὑπέστη.
1331 1995 1538 2067 ταύτην
1583 2018 1684 2067 μεν

96 2099 201 2133 ουν
226 2075 469 2151 εὐγενῶς
501 2076 905 2136 ἀποθανοῦσαν
941 2083 1227 2153 ἐτίμησαν·
1277 2078 1438 2136 αὐτοὶ
1462 2081 1523 2136 δε
1555 2103 1686 2145 τους

95 2168 390 2233 πολεμίους
424 2163 740 2238 ἐπιγνόντες
785 2164 1085 2235 παρόντας,
1124 2173 1201 2233 εἰς
1232 2164 1333 2237 τὴν
1363 2165 1540 2239 μάχην
1575 2163 1685 2237 ῶρ-

99 2264 296 2317 μησαν.
