2022 3126
264 87 332 136 50

857 88 967 135 AN
963 86 1053 133 ΔΡ
1062 87 1326 134 OMAXH

265 235 417 286 ΘΕΡ.
457 225 525 284 οὐ
551 232 714 298 δῆτα
740 228 915 299 μηδεν
939 226 1078 283 τοῦτ’
1108 225 1437 301 ὀνειδίσῃς’
1409 234 1547 300 εμοί.

266 497 311 540 Α
316 492 385 540 Ν.

264 2704 373 2754 XO.

561 311 574 332 ²
636 311 657 335 ῗ
702 310 715 330 2

452 316 553 368 ἀλλ
607 321 694 384 εἰμ
723 356 738 383 ‚
764 315 889 368 ἐπεί
909 335 994 367 τοι
1017 309 1123 368 κού
1149 319 1510 386 περίβλεπτος
1534 320 1657 385 βίος

454 398 658 469 δούλης
683 396 976 468 γυναικός,
1002 393 1074 467 ἢν
1098 419 1150 451 τι
1174 399 1268 453 καὶ
1291 399 1456 454 πάθω
1484 399 1674 455 κακόν.
1875 414 1931 457 90

449 483 617 554 χώρει
641 500 774 538 νυν·
801 478 956 553 ἡμεῖς
981 485 1014 536 δ
1022 479 1056 551 ’,
1086 478 1278 554 οἷσπερ
1304 481 1622 555 ἐγκείμεσθ’
1652 481 1739 540 ἀεὶ

448 568 713 639 θρήνοισι
738 568 831 622 καὶ
854 566 1034 638 γόοισι
1067 568 1159 621 καὶ
1190 568 1522 640 δακρύμασι,

451 650 588 724 πρὸς
612 649 787 724 αἰθέρ’
817 655 1178 722 ἐκτενοῦμεν·
1208 654 1493 725 ἐμπέφυκε
1515 653 1622 727 γὰρ

453 739 673 809 γυναιξὶ
697 739 886 809 τέρψις
911 742 1023 792 τῶν
1051 737 1421 809 παρεστώτων
1444 745 1634 795 κακῶν

451 821 559 878 ἄνα
583 819 730 894 στόμ’
759 820 845 878 ἀεὶ
870 823 963 877 καὶ
994 820 1087 877 διὰ
1111 822 1361 894 γλώσσης
1387 829 1549 894 ἔχειν.
1875 840 1929 881 95

449 907 680 979 πάρεστι
705 905 757 963 δ’
788 905 890 978 οὐχ
916 911 977 962 ἓν
1004 904 1143 963 ἀλλὰ
1168 908 1343 964 πολλά
1367 932 1459 980 μοι
1484 911 1717 979 στένειν,

448 993 612 1049 πόλιν
638 992 900 1068 πατρῴαν
925 990 1023 1048 τὸν
1045 992 1297 1049 θανόντα
1320 992 1384 1049 θ’
1399 991 1634 1066 ρἘκτορα

452 1079 685 1150 στερρόν
709 1101 767 1134 τε
791 1078 888 1134 τὸν
916 1076 1049 1149 ἐμὸν
1075 1077 1285 1150 δαίμον’
1318 1071 1362 1152 ᾦ
1387 1080 1698 1150 συνεζύγην

449 1164 710 1219 δούλειον
733 1156 878 1235 ἦμαρ
910 1160 1216 1219 εἰσπεσοῦσ’
1251 1161 1501 1231 ἀναξίως.

449 1247 550 1320 χρὴ
577 1246 630 1304 δ’
660 1245 844 1304 οὔποτ’
875 1254 1052 1304 εἰπεῖν
1078 1246 1256 1304 οὐδέν’
1288 1247 1480 1321 ὄλβιον
1506 1255 1743 1321 βροτῶν,
1847 1265 1930 1305 100

447 1336 580 1406 πρὶν
606 1330 674 1389 ἂν
699 1334 974 1399 θανόντος
999 1333 1100 1405 τὴν
1124 1341 1447 1391 τελευταίαν
1472 1340 1593 1408 ἴδῃς

447 1415 595 1484 ὅπως
621 1419 862 1489 περάσας
887 1417 1097 1491 ἡμέραν
1122 1417 1238 1491 ἥξει
1262 1420 1426 1475 κάτω.

442 1500 583 1560 Ἰλίω
609 1510 834 1578 αι’πεινᾷ
859 1505 1040 1576 Πάρις
1065 1502 1132 1560 οὐ
1158 1505 1337 1577 γάμον
1363 1503 1502 1560 αλλά
1526 1503 1624 1560 τιν’
1653 1528 1790 1560 αταν

448 1587 673 1694 ἠγάγετ’
692 1587 926 1646 εὐναίαν
957 1595 1033 1656 εἰς
1061 1591 1352 1662 θαλάμους
1370 1588 1611 1646 Ἑλέναν.

447 1676 509 1739 ἃς
537 1673 694 1745 ἕνεκ’,
725 1699 765 1731 ω
800 1682 996 1746 Τροί,α
1024 1677 1150 1746 δορὶ
1188 1678 1280 1732 καὶ
1308 1678 1444 1778 πυρι
1469 1676 1779 1747 δηιάλωτον
1849 1691 1927 1731 105

449 1756 562 1816 εἷλέ
583 1759 635 1816 σ’
666 1758 693 1816 ὁ
718 1762 1003 1832 χιλιόναυς
1021 1758 1278 1826 Ελλάδος
1304 1785 1452 1827 ωκυς
1463 1759 1632 1832 ’Ἀρης

447 1847 541 1900 καὶ
566 1843 662 1900 τὸν
688 1844 822 1917 ἐμὸν
847 1847 1043 1917 μελέας
1069 1843 1493 1916 πόσινἝκτορα,
1520 1845 1619 1901 τὸν
1636 1846 1924 1915 περὶτείχη

451 1935 671 1986 εἵλκυσε
696 1931 988 2002 διφρεύων
1013 1944 1138 1995 παῖς
1165 1928 1322 1996 ἁλίας
1349 1934 1599 1996 Θέτιδος·

449 2013 589 2070 αὐτὰ
615 2020 648 2070 δ
657 2013 669 2033 ’
699 2019 757 2071 ἐκ
783 2016 1056 2087 θαλάμων
1081 2013 1295 2088 ἀγόμαν
1322 2018 1411 2072 ἐπὶ
1436 2026 1572 2072 θῖνα
1597 2014 1898 2084 θαλάσσας,

449 2101 802 2156 δουλοσύναν
828 2099 1104 2173 στυγερὰν
1129 2099 1522 2174 ἄμφιβαλοῦσα
1550 2101 1709 2173 κάρᾳ.
1843 2116 1924 2156 110

447 2184 620 2241 πολλὰ
646 2186 706 2241 δὲ
732 2186 946 2257 δάκρυά
969 2209 1060 2258 μοι
1086 2190 1288 2259 κατέβα
1313 2187 1500 2258 χροός,
1528 2183 1677 2243 ἁνίκ’
1707 2192 1925 2242 ἔλειπον

449 2289 585 2326 αστυ
611 2293 668 2326 τε
693 2295 785 2327 και
809 2272 1099 2343 θαλάμους
1123 2274 1215 2327 καὶ
1239 2272 1430 2342 πόσιν,
1457 2275 1517 2328 ἐν
1544 2277 1773 2336 κονίαις.

448 2353 586 2427 ω’μοι
611 2356 717 2427 ἐγώ
743 2360 935 2428 μελέα,
964 2364 1020 2412 τί
1037 2352 1087 2458 μ’
1117 2360 1282 2429 ε’χρῆν
1308 2364 1386 2414 ἔτι
1412 2360 1616 2428 φέγγος
1640 2353 1882 2427 ὁρᾶσθαι

427 2437 724 2541 τΕρμιόνας
754 2443 996 2509 δούλαν;
1023 2466 1086 2506 ας
1113 2465 1224 2498 υπο
1250 2444 1539 2514 τειρομένα

448 2524 585 2625 πρὸς
609 2525 726 2582 τόδ’
757 2525 973 2599 άγαλμα
997 2532 1132 2591 θεᾶς
1163 2531 1326 2593 ικέτις
1351 2530 1478 2598 περὶ
1502 2540 1650 2597 χεῖρε
1675 2533 1922 2598 βαλοῦσα

450 2611 680 2682 τάκομαι
710 2635 819 2677 ως
806 2618 1036 2683 πετρίνα
1062 2614 1401 2668 πιδακόεσσα
1413 2612 1599 2719 λιβάς.
1842 2624 1922 2667 116

447 2697 487 2751 ὠ
514 2696 708 2766 γύναι,
749 2694 783 2752 ἃ
809 2701 1034 2761 Θέτιδος
1059 2696 1303 2753 δάπεδον
1337 2698 1429 2752 καὶ
1465 2694 1741 2768 ἀνάκτορα
1776 2696 1914 2751 θάσ-

1012 2799 1122 2846 σεις
1717 2798 1832 2853 στρ.

784 2879 862 2923 117
877 2902 937 2909 -
956 2880 1212 2925 1252126
1228 2901 1288 2908 -
1308 2880 1389 2923 134
