2022 3126
251 91 352 144 382

255 323 375 374 ΘΗ.

911 88 1261 136 ΙΚΕΤΙΛΕΣ

443 228 633 302 κάμοί·
661 234 899 285 διπλοῦν
923 228 984 284 δὲ
1004 228 1183 298 χάρμα
1206 232 1452 298 γίγνεται
1475 227 1619 284 τόδε.

443 316 565 385 ἐμοὶ
589 313 745 386 λόγοι
771 316 889 384 μέν,
914 319 1112 385 μῆτερ,
1140 316 1195 367 οἱ
1215 313 1532 383 λελεγμένοι

446 398 631 471 ὀρθῶς
657 396 838 470 ἔχουσ’
871 404 946 464 εἰς
970 397 1132 463 τόνδε
1155 393 1560 469 κάπεφηνάμην

449 486 676 557 γνώμην
699 481 800 554 ὑφ’
829 488 962 539 οἵων
987 482 1197 553 ἐσφάλη
1224 481 1647 553 βουλευμάτων·

449 568 559 641 ὁρῶ
590 569 651 624 δὲ
675 565 826 639 κάγώ
853 564 1021 624 ταῦθ’
1051 564 1189 638 ἅπερ
1214 590 1280 638 με
1304 575 1608 637 νουθετεῖς,

449 653 520 720 ῶς
544 667 655 719 τοῖς
680 657 892 725 ἐμοῖσιν
918 651 1042 724 οὐχὶ
1066 652 1389 723 πρόσφορον
1415 652 1638 723 τρόποις

449 739 684 812 φεύγειν
711 737 777 794 τὰ
801 738 974 794 δεινά.
1036 735 1211 793 πολλὰ
1236 736 1340 809 γὰρ
1368 736 1573 807 δράσας
1596 736 1750 808 καλά,

448 832 577 890 ἔθος
600 821 718 880 τόδ’
749 820 1097 895 είςἝλληνας
1121 822 1484 893 ἐξεδειξάμην,

446 907 533 966 ἀεὶ
557 907 822 981 κολαστὴς
845 915 956 964 τῶν
982 914 1169 964 κακῶν
1193 908 1548 964 καθεστάναι.

453 992 663 1051 οὔκουν
688 991 947 1050 ἀπαυδᾶν
974 992 1216 1049 δυνατόν
1242 996 1360 1049 ἐστί
1377 1015 1469 1064 μοι
1494 991 1718 1057 πόνους.

447 1087 503 1136 τί
524 1080 628 1151 γάρ
652 1078 712 1151 μ’
741 1082 966 1149 ἐροῦσιν
989 1083 1048 1134 οἵ
1065 1101 1128 1150 γε
1155 1082 1446 1150 δυσμενεῖς
1469 1083 1702 1148 βροτῶν,

451 1162 545 1221 ὅθ’
579 1162 611 1236 ἡ
638 1170 874 1220 τεκοῦσα
898 1161 1382 1235 χὺπερορρωδοῦσ’
1413 1167 1547 1234 ἐμοῦ

449 1249 636 1321 πρώτη
661 1249 905 1314 κελεύεις
929 1246 1082 1304 τόνδ’
1111 1245 1418 1319 ὑποστῆναι
1444 1247 1645 1314 πόνον;

452 1335 636 1405 δράσω
676 1332 819 1390 τάδ’·
848 1333 957 1406 εἶμι
981 1335 1073 1389 καὶ
1097 1331 1332 1404 νεκροὺς
1361 1331 1657 1404 ἐκλύσομαι

450 1420 664 1491 λόγοισι
687 1425 904 1475 πείθων
922 1438 932 1448 ·
962 1424 1013 1474 εἰ
1035 1419 1095 1474 δὲ
1119 1418 1219 1489 μή,
1246 1424 1342 1491 βία
1368 1416 1530 1489 δορὸς

450 1502 554 1577 ἤδη
580 1501 695 1561 τόδ’
726 1510 875 1560 ἔσται
899 1501 1061 1575 κούχὶ
1087 1501 1194 1560 σὺν
1220 1503 1420 1577 φθόνῳ
1444 1508 1615 1558 θεῶν.

453 1590 606 1657 δόξαι
630 1589 692 1645 δὲ
714 1590 890 1663 χρῄζω
917 1591 1008 1645 καὶ
1033 1589 1187 1645 πόλει
1212 1587 1356 1661 πάσῃ
1387 1587 1529 1643 τόδε.

452 1675 597 1742 δόξει
624 1672 677 1730 δ’
704 1678 838 1746 ἐμοῦ
865 1677 1153 1739 θέλοντος·
1181 1670 1317 1729 ἄλλα
1343 1678 1443 1728 τοῦ
1467 1672 1637 1744 λόγου

453 1758 732 1831 προσδοὺς
759 1757 930 1831 ἔχοιμ’
962 1756 1031 1815 ἄν
1056 1765 1234 1830 δῆμον
1261 1756 1671 1829 εὐμενέστερον.

453 1848 547 1901 καὶ
570 1844 675 1917 γὰρ
700 1842 988 1917 κατέστησ’
1018 1843 1190 1900 αὐτὸν
1217 1849 1291 1909 εἰς
1315 1848 1621 1915 μοναρχίαν

453 1930 836 2001 ἐλευθερώσας
861 1927 1018 2002 τήνδ’
1047 1929 1326 2000 ἰσόψηφον
1349 1928 1526 1984 πόλιν.

454 2014 641 2086 λαβών
669 2012 1044 2087 δ”Ἀδραστον
1070 2020 1265 2085 δεῖγμα
1292 2019 1404 2068 τῶν
1428 2016 1575 2084 ἐμῶν
1599 2011 1797 2082 λόγων,

456 2106 531 2165 εἰς
558 2106 771 2171 πλῆθος
792 2095 981 2155 ἆστῶν
1006 2098 1141 2170 εἶμι·
1167 2101 1260 2154 καὶ
1283 2105 1472 2162 πείσας
1497 2094 1644 2166 τάδε,

454 2184 680 2250 λεκτοὺς
705 2182 976 2253 ἀθροίσας
1000 2181 1157 2253 δεῦρ’
1183 2183 1497 2254 Ἀθηναίων
1522 2182 1724 2253 κόρους

455 2267 589 2341 ἥξω·
624 2267 753 2342 παρ’
783 2267 972 2334 ὅπλοις
994 2266 1056 2324 θ’
1085 2265 1284 2341 ἥμενος
1308 2270 1503 2339 πέμψω
1530 2266 1730 2337 λόγους

455 2357 693 2424 Κρέοντι
717 2361 935 2425 νεκρῶν
960 2352 1165 2425 σώματ’
1196 2354 1588 2425 ἐξαιτούμενος.

455 2438 576 2496 ἀλλ’
605 2433 649 2496 ὦ
675 2446 921 2512 γεραιαί,
953 2437 1108 2510 σέμν’
1138 2437 1424 2511 ἀφαιρεῖτε
1448 2440 1620 2509 στέφη

457 2526 685 2597 μητρός,
712 2524 849 2597 πρὸς
875 2533 1063 2590 οἴκους
1088 2521 1160 2589 ῶς
1184 2548 1274 2579 νιν
1297 2526 1510 2594 Αἰγέως
1538 2520 1672 2592 ἄγω,

458 2616 630 2682 φίλην
654 2610 941 2681 προσάψας
964 2623 1118 2681 χεῖρα
1134 2628 1145 2638 ·
1173 2622 1284 2674 τοῖς
1309 2614 1532 2664 τεκοῦσι
1557 2606 1663 2679 γὰρ

458 2695 728 2766 δύστηνος
754 2692 902 2760 ὅστις
926 2694 998 2766 μὴ
1025 2693 1407 2750 ἀντιδουλεύει
1429 2696 1664 2763 τέκνων,

458 2780 752 2836 κάλλιστον
779 2786 978 2850 ἔρανον
994 2798 1004 2809 ·
1040 2777 1174 2844 δοὺς
1199 2777 1304 2850 γὰρ
1330 2776 1678 2845 ἀντιλάζυται

459 2869 677 2920 παίδων
703 2861 835 2934 παρ’
863 2861 1037 2920 αὑτοῦ
1063 2861 1236 2920 τοιάδ’
1265 2860 1335 2918 ἂν
1362 2869 1584 2919 τοκεῦσι
1611 2865 1708 2933 δῷ.

1832 837 1919 879 340

1838 1262 1921 1304 345

1839 1685 1926 1729 350

1844 2109 1928 2152 355
