2022 3126
210 86 312 137 424

218 235 318 283 TP.

212 321 262 369 X
266 321 327 368 Ο.

218 405 317 453 TP.

212 491 263 538 Χ
265 490 324 538 0.

217 575 315 622 TP.

214 660 324 708 XO.

221 830 315 878 TP.

826 89 1247 136 ΙΠΠΟΛΥΤΟΣ

396 237 622 284 θανεῖν·
650 225 827 283 ἆσιτεῖ
848 232 881 282 δ
889 226 902 246 ’
932 233 1007 292 είς
1035 225 1336 284 ἀπόστασιν
1358 236 1504 301 βίου.

398 311 725 384 θαυμαστὸν
751 312 932 383 εἶπας,
962 318 1014 368 εί
1034 311 1155 368 ταδ’
1185 316 1402 386 ἐξαρκεῖ
1420 316 1593 372 πόσει.

398 398 630 469 κρύπτει
655 395 760 468 γὰρ
786 393 886 468 ἥδε
910 403 1062 469 πῆμα
1089 394 1196 452 κοῦ
1222 417 1396 469 φησιν
1422 414 1625 456 νοσεῖν.

393 476 424 538 ὃ
451 487 483 537 δ
491 479 504 500 ’
536 487 612 547 εἰς
636 481 932 552 πρόσωπον
957 480 1024 537 οῦ
1050 489 1397 553 τεκμαίρεται
1422 487 1666 555 βλέπων;

397 571 628 638 ἔκδημος
655 562 733 621 ὢν
757 565 861 637 γὰρ
889 571 1053 638 τῆσδε
1077 568 1335 638 τυγχάνει
1359 569 1579 639 χθονός.

395 651 465 708 σύ
491 649 541 707 δ’
576 649 679 706 οὐκ
709 648 958 722 ἀνάγκην
983 654 1340 723 προσφέρεις,
1367 656 1679 725 πειρωμένη

399 736 569 792 νόσον
591 738 878 792 πυθέσθαι
903 741 1067 806 τῆσδε
1091 738 1183 791 καὶ
1208 738 1420 793 πλάνον
1444 745 1698 810 φρενών;

399 826 474 886 εἰς
502 827 613 877 πᾶν
638 819 874 892 ἀφῖγμαι
901 818 1108 876 κούδὲν
1135 830 1423 894 εἴργασμαι
1446 825 1638 878 πλέον·

398 906 466 961 οῦ
491 905 601 977 μὴν
627 904 811 977 ἀνήσω
838 903 891 977 γ’
919 903 1050 961 οὐδὲ
1074 912 1181 961 νῦν
1207 914 1540 978 προθυμίας,

398 988 469 1056 ὡς
495 1015 563 1045 αν
588 997 841 1061 παροῦσα
865 993 955 1045 καὶ
981 990 1051 1046 σύ
1074 1014 1167 1062 μοι
1192 994 1580 1065 ξυμμαρτυρῇς

398 1080 527 1131 οἵα
513 1078 736 1147 πέφυκα
762 1080 1099 1146 δυστυχοῦσι
1126 1077 1430 1142 δεσπόταις.

398 1158 487 1232 αγ’
495 1204 508 1230 ,
537 1184 578 1215 ω
609 1167 749 1262 φίλη
771 1174 896 1230 παῖ,
924 1166 1035 1215 τῶν
1062 1160 1333 1232 πάροιθε
1326 1185 1425 1217 ,ιιεν
1449 1162 1631 1232 λόγων

396 1243 686 1317 λαθώμεθ’
717 1243 910 1316 ἄμφω,
943 1247 1034 1299 καὶ
1058 1245 1128 1300 σύ
1152 1244 1214 1300 θ’
1246 1244 1422 1317 ἡδίων
1449 1252 1617 1317 γενοῦ

401 1330 646 1402 στυγνὴν
672 1327 858 1401 ὀφρὺν
883 1330 1094 1385 λύσασα
1119 1331 1210 1385 καὶ
1235 1331 1454 1402 γνώμης
1480 1327 1629 1400 ὁδόν,

398 1416 503 1487 ἐγώ
534 1414 596 1471 θ’
627 1413 734 1521 ὅπη
759 1433 844 1470 σοι
869 1414 941 1486 μὴ
968 1421 1146 1479 καλῶς
1175 1413 1299 1470 τόθ’
1331 1415 1563 1486 εἱπόμην

400 1498 616 1572 μεθεῖσ’
646 1497 732 1557 ἐπ
761 1497 930 1555 ἄλλον
959 1499 1067 1571 εἶμι
1097 1507 1295 1571 βελτίω
1321 1500 1504 1571 λόγον.

397 1592 484 1642 κεί
504 1609 604 1657 μεν
633 1598 812 1649 νοσεῖς
837 1608 887 1640 τι
911 1591 1023 1640 τῶν
1051 1607 1191 1654 απορ
1163 1586 1379 1657 ορήτων
1403 1608 1606 1657 κακων,

398 1684 658 1742 γυναῖκες
683 1675 804 1726 αἵδε
830 1671 1272 1740 συγκαθιστάναι
1296 1669 1491 1726 νόσον·

399 1762 449 1811 εἰ
472 1753 525 1811 δ’
556 1755 791 1827 ἕκφορός
816 1775 903 1810 σοι
928 1773 1229 1826 συμφορα
1215 1754 1352 1826 πρὸς
1376 1753 1627 1825 ἄρσενας,

398 1839 513 1912 λέγ’
521 1885 535 1912 ,
564 1865 635 1906 ως
662 1846 903 1908 ἰατροῖς
890 1846 1111 1911 πρᾶγμα
1136 1847 1363 1913 μηνυθῇ
1387 1840 1530 1896 τόδε.

400 1925 537 1981 εἷεν·
566 1933 622 1980 τί
642 1931 821 2003 σιγᾷς;
847 1922 949 1979 οὐκ
973 1929 1137 1996 ἐχρῆν
1164 1931 1354 1996 σιγᾶν,
1382 1927 1592 1995 τέκνον,

399 2008 520 2066 αλλ’
548 2007 582 2082 ἥ
613 2007 668 2081 μ’
700 2012 967 2080 ἐλέγχειν,
1000 2018 1054 2065 εί
1070 2033 1119 2064 τι
1145 2009 1216 2080 μὴ
1244 2016 1422 2074 καλως
1446 2012 1604 2081 λέγω,

401 2120 433 2166 η
459 2108 635 2150 τοῖσιν
662 2087 726 2150 εὖ
751 2102 997 2164 λεχθεῖσι
1027 2108 1335 2166 συγχωρεῖν
1361 2094 1559 2164 λόγοις.

401 2183 639 2251 φθέγξαι
665 2203 732 2247 τι,
764 2176 920 2248 δεῦρ’
954 2176 1230 2249 ἄθρησον·
1263 2202 1303 2234 ω
1331 2177 1541 2234 ταλαιν’
1575 2179 1695 2250 εγω’.

403 2278 678 2337 γυναῖκες,
704 2261 881 2328 ἄλλως
904 2264 1104 2319 τούσδε
1130 2270 1451 2335 μοχθοῦμεν
1477 2265 1699 2334 πόνους,

402 2359 524 2406 ἴσον
549 2347 597 2406 δ’
628 2347 871 2420 ἄπεσμεν
897 2355 970 2423 τῷ
996 2355 1154 2419 πρίν’
1185 2345 1312 2404 οὔτε
1337 2348 1441 2419 γὰρ
1473 2349 1593 2405 τότε

401 2435 583 2505 λόγοις
608 2431 856 2505 ε’τέγγεθ’
886 2430 986 2504 ἥδε
1009 2439 1116 2488 νῦν
1141 2431 1188 2488 τ’
1217 2432 1282 2488 οὐ
1309 2440 1578 2489 πείθεται.

405 2517 524 2574 ἀλλ’
556 2528 675 2575 ἴσθι
700 2521 912 2589 μέντοι,
941 2517 1075 2589 πρὸς
1099 2516 1219 2573 τάδ’
1250 2516 1635 2587 αὐθαδεστέρα

401 2610 600 2675 γίγνου
626 2604 931 2675 θαλάσσης,
961 2608 1011 2658 εί
1031 2612 1220 2673 θανεῖ,
1255 2608 1541 2674 προδοῦσα
1567 2602 1700 2667 σούς

402 2694 600 2754 παῖδας
625 2687 895 2762 πατρῴων
921 2686 993 2758 μὴ
1019 2689 1349 2758 μεθέξοντας
1376 2688 1580 2759 δόμων,

404 2772 477 2844 μα
502 2772 603 2845 τὴν
629 2771 874 2828 ἕῖνασσαν
900 2776 1095 2827 ίππίαν
1118 2770 1397 2843 Ἀμαζόνα,

401 2854 436 2928 ἢ
460 2871 574 2923 σοῖς
604 2859 842 2913 τέκνοισι
870 2857 1140 2928 δεσπότην
1166 2860 1412 2928 ἐγείνατο

1787 1345 1870 1387 ’290

1786 1771 1868 1814 295

1784 2193 1870 2235 300

1785 2615 1870 2656 305
