2022 3126
741 77 1068 124 HAEKTPA
1638 74 1734 125 28]

268 223 405 291 σιγῶ
422 237 434 249 ·
462 222 634 291 σοφὸς
659 215 711 273 δ’
743 213 821 272 (ὂν
847 214 948 272 οὐκ
974 217 1170 288 ἔχρησέ
1190 234 1275 272 σοι
1302 208 1466 288 σοφὰ.

272 310 452 360 αἰνεῖν
475 301 528 359 δ’
559 300 770 374 ἀνάγκη
795 307 991 356 ταῦτα·
1019 299 1330 356 τάντεῦθεν
1356 301 1417 356 δὲ
1439 298 1541 374 χρὴ

270 389 537 457 πράσσειν
562 384 596 442 α’
619 400 783 458 μοῖρα
806 387 945 450 Ζεύς
971 383 1023 441 τ’
1054 392 1251 457 ἔκρανε
1276 391 1380 441 σοῦ
1408 384 1549 456 πέρι.

268 472 504 546 Πυλάδῃ
527 472 628 543 μὲν
646 470 944 542 Ἠλέκτραν
969 470 1064 535 δὸς
1089 467 1289 541 ἄλοχον
1315 476 1390 535 εἰς
1415 471 1638 540 δόμους,

268 557 338 613 σὺ
364 555 416 612 δ’
437 554 636 629 ’Ἀργος
663 553 862 612 ἔκλιπ’·
889 553 956 610 οὐ
982 555 1087 627 γὰρ
1116 561 1228 610 ἔστι
1254 573 1341 610 σοι
1367 556 1529 611 πόλιν
1632 571 1727 613 125(

267 639 422 714 τήνδ’
454 641 779 713 ἐμβατεύειν
797 684 811 711 ,
843 641 1049 712 μητέρα
1074 646 1366 695 κτείναντα
1391 639 1510 710 σήν.

266 728 447 782 δειναὶ
474 726 535 782 δὲ
558 729 738 798 Κῆρές
760 723 810 781 σ’
842 729 903 780 αἱ
922 724 1234 789 κυνώπιδες
1258 726 1388 780 θεαὶ

266 808 727 883 τροχηλατήσουσ’
763 814 973 881 ἐμμανῆ
998 809 1375 880 πλανώμενον.

268 894 454 952 ἐλθών
480 894 533 951 δ’
557 893 794 966 Ἀθήνας
817 894 1107 959 Παλλάδος
1131 892 1336 965 σεμνὸν
1359 894 1555 966 βρέτας

265 981 639 1052 πρόσπτυξον·
668 983 829 1052 εἴρξει
854 979 958 1050 γάρ
982 1002 1074 1034 νιν
1098 981 1432 1050 ἐπτοημένας
1628 994 1735 1035 1255

265 1069 468 1130 δεινοῖς
491 1065 796 1138 δράκουσιν
821 1061 960 1119 ώστε
984 1062 1057 1135 μὴ
1082 1064 1286 1129 ψαύειν
1310 1067 1495 1134 σέθεν,

264 1147 514 1222 γοργῶφ’
542 1147 945 1221 ὑπερτείνουσά
968 1167 1070 1205 σου
1094 1149 1239 1222 κάρα
1261 1148 1485 1204 κύκλον.

266 1241 415 1291 ἔστιν
443 1234 495 1290 δ’
513 1233 723 1307 ’Ἀρεώς
753 1258 833 1299 τις
860 1232 1052 1305 ὄχθος,
1082 1235 1150 1289 οὑ
1176 1240 1396 1306 πρῶτον
1420 1236 1547 1289 θεοι

264 1319 433 1389 ἕζοντ’
465 1322 555 1376 ἐπὶ
579 1321 852 1392 ψήφοισιν
874 1323 1098 1390 αι’ματος
1127 1321 1269 1390 πέρι,

256 1405 612 1478 Ἁλιρρόθιον
636 1402 717 1461 ὅτ’
748 1401 931 1461 ἔκταν’
961 1400 1437 1476 ὦμόφρων’Ἁρης,
1632 1419 1740 1461 1260

263 1497 430 1562 μῆνιν
453 1488 735 1563 θυγατρὸς
760 1487 1002 1545 ἀνοσίων
1024 1488 1457 1560 νυμφευμάτων,

264 1576 472 1630 πόντου
499 1577 757 1648 κρέοντος
783 1571 957 1645 παῖδ’,
984 1571 1061 1629 ἵν’
1092 1571 1453 1645 εὐσεβεστάτη

264 1667 450 1732 ψῆφος
473 1667 670 1731 βεβαία
700 1657 749 1714 τ’
779 1662 927 1715 ἐστὶν
954 1665 1013 1715 ἔκ
1043 1681 1106 1730 γε
1129 1665 1228 1713 τοῦ
1253 1667 1423 1723 θεοῖς.

265 1748 512 1801 ἐνταῦθα
536 1747 630 1800 καὶ
652 1746 712 1800 σὲ
737 1750 827 1800 δεῖ
847 1749 1079 1816 δραμεῖν
1105 1740 1288 1815 φόνου
1314 1747 1455 1815 πέρι.

266 1838 379 1886 ἴσαι
403 1833 469 1886 δέ
490 1829 541 1885 σ’
571 1829 866 1897 ἐκσώζουσι
892 1827 964 1900 μὴ
990 1837 1191 1884 θανεῖν
1216 1833 1343 1900 δίκῃ
1628 1841 1740 1886 1265

262 1922 443 1986 ψῆφοι
468 1924 716 1971 τεθεῖσαι
733 1934 743 1943 ·
776 1917 974 1981 Λοξίας
999 1912 1104 1986 γὰρ
1130 1919 1314 1969 αἰτίαν

264 2006 340 2067 είς
365 1998 537 2056 αὑτὸν
561 2009 728 2070 οἴσει,
753 2002 982 2071 μητέρος
1005 1997 1208 2070 χρήσας
1233 1998 1427 2070 φόνον.

263 2087 356 2141 και
378 2099 518 2142 τοῖσι
542 2093 750 2150 λοιποῖς
776 2082 872 2141 ὅδε
895 2085 1062 2155 νόμος
1085 2084 1394 2155 τεθήσεται,

261 2177 426 2227 νικᾶν
450 2180 592 2236 ἰσαις
614 2170 852 2241 ψήφοισι
879 2167 977 2225 τὸν
1005 2167 1268 2240 φεύγοντ’
1298 2166 1401 2224 ἀεί.

263 2257 443 2311 δειναὶ
466 2279 567 2327 μεν
593 2256 698 2310 οὐν
721 2257 851 2310 θεαὶ
876 2251 1010 2328 τῷδ’
1040 2252 1158 2324 άχει
1181 2253 1560 2324 πεπληγμέναι
1627 2265 1734 2308 1270

263 2340 444 2412 πάγον
467 2363 576 2412 παρ
630 2337 803 2396 αὐτὸν
827 2340 1004 2411 χάσμα
1030 2339 1293 2394 δύσονται
1320 2338 1543 2409 χθονός,

262 2424 467 2495 σεμνὸν
491 2433 775 2498 βροτοῖσιν
802 2422 1024 2495 εὐσεβὲς
1048 2422 1395 2496 χρηστήριον.

263 2512 324 2567 σὲ
351 2508 402 2566 δ’
426 2508 712 2585 Ἀρκάδων
733 2509 836 2582 χρὴ
863 2509 1026 2565 πόλιν
1051 2505 1135 2564 ἐπ’
1165 2506 1427 2579 Ἀλφειοῦ
1453 2501 1605 2573 ῥοαῖς

263 2601 435 2652 οἰκεῖν
457 2602 711 2653 Λυκαίου
735 2601 970 2667 πλησίον
994 2592 1313 2665 σηκώματος
1328 2612 1340 2622 ·

262 2680 549 2753 ἐπώνυμος
580 2681 641 2737 δὲ
663 2686 769 2735 ’τοῦ
794 2681 951 2744 πόλις
977 2678 1316 2750 κεκλήσεται.
1623 2687 1729 2731 1275

260 2766 349 2820 σοὶ
372 2765 473 2836 μὲν
496 2765 620 2822 τάδ’
656 2767 838 2821 εἷπον·
866 2764 1027 2821 τόνδε
1052 2760 1107 2818 δ’
1135 2769 1420 2835 Αἰγίσθου
1448 2761 1614 2816 νέκυν

246 2846 486 2922 Ἀργους
514 2858 731 2908 πολῖται
755 2856 855 2921 γῆς
877 2847 1226 2913 καλύψουσιν
1250 2848 1424 2923 τάφῳ.
