2022 3126
129 2258 238 2309 ΘΕ.

128 2345 243 2393 XO.

127 2429 237 2479 ΘΕ.

125 2513 242 2562 XO.

125 2597 237 2647 ΘΕ.

126 2683 242 2732 XO.

128 2767 237 2816 ΘΕ.

789 118 1169 163 ΑΛΚΗΣΤΙΣ
1784 117 1817 167 9

784 218 822 232 9·-

334 241 438 302 el‘v’.
472 245 561 299 ε’πὶ
590 227 688 308 τας
719 232 1000 318 ἀνύδρους

329 320 709 398 Ἀμμωνιοέδας
740 328 901 397 ἕδρας

333 408 614 465 δυστανου
646 408 955 480 παραλύσει

332 492 542 563 ψυχάν·
575 491 742 564 μόρος
773 491 878 562 γὰρ
911 490 1181 562 απότομος

811 572 825 593 9
876 576 888 594 9
934 572 948 592 9
998 577 1010 594 5

330 573 555 630 πλάθει·
588 579 738 630 θεῶν
770 579 833 629 3
861 596 926 629 επ
983 573 1218 645 εσχοὲραν
1739 594 1815 635 120

337 656 521 713 οὐκέτ’
558 663 662 728 ἔχω
692 663 816 738 τίνα
845 657 1172 757 μηλοθύταν
1202 662 1479 730 πορευθῶ.

328 740 498 812 μόνος
530 736 584 795 δ’
618 764 720 811 αν,
753 746 805 796 ει’
832 744 950 811 φῶς
981 736 1104 796 τόδ’
1137 734 1207 811 ἦν
1614 741 1726 798 ἀντ.

328 823 565 895 ὄμμασιν
597 822 871 897 δεδορκώς

331 912 541 976 Φοίβου
573 919 732 976 παῖς,
764 905 1094 978 προλιποῦσ’

327 993 504 1060 ἦλθεν
537 991 699 1062 ἕδρας
733 995 949 1055 σκοτίας
1736 1009 1812 1049 125

314 1071 473 1128 ’Ἄιδα
502 1095 558 1127 τε
589 1072 796 1137 πύλας·

328 1156 641 1227 δμαθέντας
671 1179 777 1229 γαρ
808 1155 1031 1227 ανίστη,

327 1240 460 1311 πρὶν
492 1237 666 1295 αὐτὸν
697 1235 808 1294 εἷλε
839 1240 1113 1310 Διόβολον

323 1327 597 1396 πλῆκτρον
614 1344 789 1394 πυρος
819 1329 1134 1393 κεραυνίου.

323 1410 432 1460 νῦν
463 1406 524 1460 δὲ
553 1411 680 1475 βίου
711 1404 820 1460 τίν’
856 1404 933 1460 ἔτ’
971 1409 1166 1461 ἐλπίδα
1198 1409 1607 1478 προσδέχωμαι;
1731 1422 1809 1464 130

324 1491 500 1547 πάντα
525 1491 630 1563 γὰρ
657 1488 762 1563 ἤδη
789 1493 1110 1559 [τετέλεσται
1136 1497 1460 1563 βασιλεῦσι],

326 1575 550 1632 πάντων
575 1576 637 1631 δὲ
661 1582 816 1632 θεῶν
841 1579 930 1632 ἐπὶ
953 1583 1160 1648 βωμοῖς

327 1660 686 1734 αἶμόρραντοι
710 1667 910 1717 θυσίαι
933 1662 1183 1733 πλήρεις,

324 1742 448 1801 οὐδ’
479 1751 592 1801 ἔστι
616 1751 805 1801 κακῶν
831 1742 963 1811 ἄκος
987 1743 1173 1802 οὐδέν.
1721 1761 1799 1804 135

323 1827 446 1885 ἀλλ’
473 1827 545 1901 ἥδ
553 1827 565 1847 ’
596 1828 823 1886 ὀπαδῶν
848 1833 908 1887 ἐκ
933 1831 1122 1902 δόμων
1145 1854 1227 1896 τις
1251 1834 1463 1902 ἔρχεται

322 1919 778 1987 δακρυρροοῦσα·
805 1921 930 1972 τίνα
955 1915 1128 1988 τύχην
1154 1912 1492 1987 ἆκούσομαι;

319 2008 555 2055 πενθεῖν
579 2001 710 2071 μέν,
738 2010 860 2056 εἴτι
886 2001 1206 2057 δεσπόταισι
1231 2000 1519 2072 τυγχάνει,

319 2085 706 2187 συγγνωστόν·
736 2091 787 2141 εί
807 2083 860 2140 δ’
892 2083 970 2141 ετ’
1002 2088 1152 2143 ἐστὶν
1177 2092 1419 2158 ἔμψυχος
1443 2084 1586 2158 γυνὴ

320 2165 419 2224 εἴτ’
449 2171 554 2225 οὖν
579 2167 790 2226 όλωλεν
815 2174 1021 2226 εἰδέναι
1047 2168 1380 2243 βουλοίμεθ’
1409 2195 1494 2226 αν.
1712 2183 1797 2227 140

315 2255 408 2310 καὶ
431 2260 611 2322 ζῶσαν
637 2260 814 2312 εἰπεῖν
838 2257 931 2311 καὶ
955 2262 1248 2312 θανοῦσαν
1277 2262 1390 2312 ἔστι
1416 2274 1518 2312 σοι.

315 2340 409 2395 καὶ
432 2345 548 2405 πῶς
571 2335 641 2396 ἂν
666 2337 832 2405 αὑτὸς
857 2338 1131 2397 κατθανοι
1155 2364 1214 2398 τε
1236 2365 1330 2398 και
1354 2343 1580 2413 βλέποις

313 2420 420 2496 ἤδη
451 2425 750 2497 προνωπής
773 2429 887 2481 ἐστι
912 2428 1004 2482 καὶ
1028 2439 1400 2501 ψυχορραγει.

317 2509 358 2563 03
385 2514 621 2580 τλῆμον,
651 2513 769 2575 οἵας
793 2506 976 2576 οἷος”
931 2534 1011 2566 ων
1036 2534 1382 2582 αμαρτανεις.

317 2615 472 2648 ουπω
498 2591 616 2649 τόδ’
646 2593 764 2650 οἶδε
788 2596 1086 2668 δεσπότης,
1114 2598 1249 2669 πρὶν
1273 2620 1343 2652 αν
1372 2596 1543 2669 πάθῃ.
1716 2607 1792 2649 145

318 2679 469 2742 ἐλπὶς
493 2679 596 2749 μὲν
622 2677 805 2735 οὐκέτ’
834 2682 948 2736 ἐστὶ
972 2681 1246 2748 σώζεσθαι
1271 2687 1399 2753 βίον
1414 2706 1429 2744 ;

315 2765 646 2834 πεπρωμένη
671 2763 776 2834 γὰρ
802 2762 975 2835 ἡμέρα
1000 2766 1255 2836 βιάζεται.
