2022 3126
130 508 246 556 AA.

128 676 249 725 AA.

120 845 244 893 AA.

128 1016 249 1062 AA.

127 1184 243 1230 AA.

127 1690 246 1736 AA.

124 1856 242 1904 AA.

123 2279 243 2327 AA.,

123 2449 241 2494 AA.

810 112 1176 161 ΑΛΚΗΣΤΙΣ

321 250 571 305 λεύσσων
594 252 886 321 βασιλέως,
913 247 1058 314 ὅστις
1084 249 1306 322 ἀρίστης

323 333 586 389 ἄπλακών
610 332 812 403 ἀλόχου
840 331 994 404 τῆσδ’
1026 332 1264 405 ἀβίωτον

322 417 418 473 τὸν
442 423 627 473 ἔπειτα
649 418 854 488 χρόνον
884 418 1175 488 βιοτεύσει.

310 499 460 557 “Am
484 502 576 556 καὶ
601 501 740 572 φάος
764 499 984 573 ἁμέρας,

319 583 583 657 οὐράνιαί
601 609 660 642 τε
684 590 834 643 δῖναι
857 588 1096 658 νεφέλας
1119 592 1408 660 δρομαίου,

323 667 427 744 ὁρᾷ
450 671 510 726 σὲ
533 668 698 742 κᾶμέ,
727 670 829 727 δύο
856 678 1038 735 κακῶς
1062 672 1425 743 πεπραγότας,

319 752 488 810 οὐδὲν
511 753 683 820 θεοὺς
708 755 1015 826 δράσαντας
1042 754 1165 811 ἀνθ’
1198 753 1329 812 ὅτου
1353 765 1534 812 θανεῖ.

325 839 454 909 γαῖα
478 862 535 895 τε
559 842 651 894 καὶ
674 839 974 911 μελαθρων
997 842 1183 911 στέγαι

320 929 620 994 νυμφίδιοί
637 947 695 979 τε
719 937 897 980 κοῖται
934 929 1161 993 πατρίας
1197 923 1436 980 Ἰωλκοῦ.

329 1013 520 1077 ἔπαιρε
544 1005 772 1079 σαυτήν,
801 1010 842 1063 ὦ
868 1009 1124 1079 τάλαινα,
1151 1009 1223 1081 μὴ
1249 1014 1495 1083 προδῷς·

1586 523 1699 575 στρ.

1705 603 1787 645 245

1586 839 1701 896 ἀντ.

318 1098 513 1149 λίσσου
538 1093 600 1148 δε
621 1116 751 1157 τους
773 1099 1115 1163 κρατοῦντας
1139 1100 1403 1163 οἰκτεῖραι
1433 1093 1618 1158 θεούς.

322 1174 435 1247 ὁρῶ
460 1181 709 1233 δίκωπον
732 1174 845 1249 ὁρῶ
871 1177 1080 1248 σκάφος
1106 1183 1184 1245 [ἐν
1210 1184 1411 1252 λι’μνα],

317 1261 538 1316 νεκύων
565 1263 627 1317 δὲ
653 1260 944 1333 πορθμεὺς

1586 1197 1698 1249 στρ.

1718 114 1784 166 13

1706 1025 1789 1065 250

316 1353 456 1416 ἔχων
476 1344 581 1416 χέρ’
609 1348 699 1402 ἐπὶ
723 1352 901 1420 κοντῷ
927 1343 1130 1418 Χάρων
1158 1346 1205 1417 μ’
1237 1345 1301 1417 ἥδ
1310 1371 1337 1417 η
1365 1354 1543 1402 καλεῖ·
1583 1353 1640 1402 τί
1657 1356 1756 1418 μελ
1775 1383 1787 1389 -

879 1438 1021 1497 λεις;

317 1518 568 1586 ἐπείγου’
605 1514 675 1569 σὺ
701 1521 1024 1586 κατείργεις.

316 1599 447 1654 τάδε
470 1622 554 1654 τοι
577 1622 644 1669 με
668 1599 1038 1670 σπερχόμενος
1061 1599 1300 1670 ταχύνει.

320 1692 493 1754 οἴμοι,
521 1706 725 1754 πικραν
750 1707 812 1754 γε
837 1684 1001 1755 τήνδε
1027 1707 1120 1754 μοι
1144 1689 1490 1755 ναυκληρίαν

315 1771 512 1834 ε’λεξας.
564 1791 605 1822 ω
633 1768 964 1839 δύσδαιμον,
999 1764 1087 1823 οἷα
1110 1780 1403 1839 πάσχομεν.

315 1875 435 1922 αγει
458 1850 506 1923 μ’
535 1875 694 1922 αγει
687 1854 756 1907 ιιέ
775 1875 881 1922 τις,
907 1850 1009 1923 οὐχ
1035 1850 1197 1925 ὁρᾷς;

312 1936 533 1992 νεκύων
558 1940 611 2001 ἐς
635 1934 815 1991 αὐλὰν

1585 1849 1699 1907 ἀντ.

1705 1528 1788 1572 ,⁶255

1703 1950 1787 1993 260

311 2018 401 2075 ὑπ’
430 2019 640 2093 ὀφρύσι
663 2024 1003 2093 κυαναυγέσι
1038 2023 1260 2093 βλέπων
1285 2018 1559 2092 πτερωτὸς
1579 2017 1768 2086 Ἅιδας

315 2112 372 2160 τί
416 2107 617 2176 ρἐειςς
664 2107 846 2177 μέθες.
894 2110 1017 2161 οἵαν

314 2187 448 2245 ὁδὸν
480 2188 514 2245 ἁ
538 2191 885 2246 δειλαιοτάτα
908 2197 1213 2263 προβαίνω.

319 2274 545 2345 οἰκτρὰν
570 2281 836 2346 φίλοισιν7
865 2279 923 2331 ἐκ
949 2275 1011 2331 δὲ
1032 2282 1145 2331 τῶν
1168 2271 1374 2345 μάλιστ’
1407 2275 1526 2344 ἐμοὶ

313 2361 405 2421 καὶ
429 2365 636 2430 παισίν,
664 2356 745 2425 οἷς
770 2359 838 2430 δὴ
864 2363 1072 2425 πένθος
1098 2363 1158 2416 ἐν
1181 2364 1351 2433 κοινῷ
1376 2358 1520 2413 τόδε.

325 2445 524 2514 μέθετε
547 2445 751 2515 μέθετέ
776 2442 824 2515 μ’
852 2442 976 2516 ἤδη.

314 2526 515 2584 κλίνατ’
544 2573 558 2600 ‚
586 2527 654 2584 οὐ
679 2532 866 2584 σθένω
892 2536 1059 2585 ποσίν
1075 2548 1086 2557 ·

314 2619 547 2683 πλησίον
556 2610 681 2669 ’Ἀιδ
684 2638 747 2679 ας
761 2634 771 2642 ·

316 2704 505 2752 σκοτία
530 2696 583 2753 δ’
612 2695 689 2754 ἐπ’
718 2695 902 2764 ὄσσοις
925 2697 1027 2765 νὺξ
1053 2699 1299 2769 ἐφέρπει.

646 2796 731 2839 244
745 2817 806 2825 -
822 2797 906 2840 '247
921 2810 989 2831 Ξ
1002 2796 1088 2840 248
1101 2816 1163 2824 —
1180 2797 1261 2839 251

654 2880 738 2923 252
752 2900 813 2908 -·-
830 2881 914 2924 258
926 2893 993 2914 Ξ
1007 2880 1091 2924 259
1105 2900 1165 2908 ······
1180 2879 1262 2924 265

1703 2370 1785 2415 265
