2022 3126
147 420 258 469 ΚΛ.

144 503 262 553 ΗΛ.

144 672 261 721 ΗΛ.

822 107 1147 155 ΗΛΕΚΤΡΑ
1695 107 1797 158 275

331 247 602 317 μέμνησο,
629 250 826 315 μῆτερ,
855 241 953 309 οὓς
978 249 1160 312 ἔλεξας
1184 243 1453 313 ὑστάτους
1690 265 1796 306 1055

333 329 556 401 λόγους,
581 333 816 384 διδοῦσα
840 327 977 400 πρὸς
1001 332 1065 384 σέ
1085 353 1176 401 μοι
1201 337 1530 404 παρρησίαν.

329 416 421 469 καὶ
444 419 552 468 νῦν
576 414 641 470 δέ
660 436 800 484 φημι
825 410 964 468 κούκ
990 411 1341 486 ἀπαρνοῦμαι
1374 416 1434 471 τὸ
1465 417 1556 488 μή.

334 491 439 599 ἆρα
463 497 735 567 κλύουσα,
761 503 958 568 μῆτερ,
987 497 1084 553 εἶτ’
1113 502 1283 569 ἔρξεις
1309 506 1518 568 κακῶς;

329 579 431 638 οὐκ
457 587 596 651 ἔστι,
623 587 687 654 τῇ
712 588 780 654 σῇ
807 580 861 636 δ’
887 579 996 683 ῆδύ
1022 584 1323 655 προσθήσω
1350 591 1533 656 φρενί.

331 664 539 737 λέγοιμ’
569 663 664 721 ἄν·
697 663 834 738 ἀρχὴ
864 663 917 721 δ’
950 663 1050 738 ῆδε
1077 690 1169 738 μοι
1197 675 1509 740 προοιμίου
1689 686 1795 729 1060

335 747 446 806 εἴθ’
483 750 645 821 εἶχες,
672 774 713 805 ω
740 757 1002 821 τεκοῦσα,
1029 758 1281 822 βελτίους
1308 756 1531 825 φρένας.

329 836 388 889 τὸ
414 858 515 905 μεν
537 833 642 906 γὰρ
669 835 812 900 εἶδος
837 835 995 891 αἶνον
1020 833 1174 902 αξιον
1198 840 1391 909 φέρειν

322 917 538 1018 Ἑλένης
562 942 620 974 τε
643 921 734 974 καὶ
757 925 890 989 σοῦ,
918 919 1020 975 δύο
1047 919 1099 975 δ’
1134 927 1302 992 ἔφυτε
1326 922 1583 993 συγγόνω

330 1026 493 1074 αμφω
517 1010 728 1074 ματαίω
751 1003 1033 1076 Καστορός
1057 1004 1107 1060 τ’
1137 1029 1239 1061 ουκ
1266 1003 1413 1072 ἀξίω.

325 1085 362 1158 ἢ
388 1111 489 1158 μεν
511 1086 617 1159 γὰρ
648 1085 978 1159 ἁρπασθεῖσ’
1008 1087 1194 1145 ἑκοῦσ’
1225 1087 1489 1165 ἆπςόχετο,
1687 1106 1794 1149 1065

327 1191 397 1227 συ
421 1168 475 1227 δ’
504 1169 664 1243 ἄνδρ’
693 1193 919 1244 αριστον
944 1171 1200 1240 Ἑλλάδος
1225 1175 1506 1246 διώλεσας,

327 1262 530 1327 σκῆψιν
554 1257 928 1328 προτείνουσζ
957 1281 1029 1323 ως
1055 1256 1196 1332 νπὲρ
1220 1262 1417 1315 τέκνου
1443 1259 1608 1316 πόσιν

330 1346 600 1405 ἔκτεινας·
629 1339 697 1396 οὐ
722 1364 857 1413 γαρ,
884 1366 1005 1407 ωςε
983 1341 1147 1414 ἕ’γωγ
1155 1386 1169 1413 ,
1196 1351 1350 1400 ἴσασί
1370 1341 1422 1399 6'
1451 1346 1541 1400 ευ·

327 1421 444 1495 ἥτις
465 1424 747 1497 θυγατρὸς
771 1428 903 1497 πριν
926 1434 1281 1500 κεκυρωσθαι
1304 1428 1522 1500 σφαγὰς
1580 1476 1583 1479 .

327 1510 455 1564 νέον
481 1506 530 1564 τ’
559 1506 655 1565 ἀπ’
684 1518 853 1565 οἴκων
878 1508 1080 1583 ἀνδρὸς
1105 1515 1491 1584 ἐξωρμημένου
1686 1525 1788 1572 1070

329 1592 538 1659 ξανθὸν
563 1594 849 1668 κατόπτρω
875 1595 1156 1667 πλόκαμον
1180 1597 1418 1668 ἐξήσκεις
1442 1597 1625 1669 κόμης.

325 1677 468 1749 γυνὴ
495 1675 548 1733 δ’
575 1675 809 1743 ἀπόντος
833 1677 1081 1751 ἀνδρὸς
1058 1678 1187 1781 vy'ug}
1199 1685 1257 1737 ἐκ
1284 1681 1470 1752 δόμων

329 1767 404 1825 είς
427 1762 624 1827 καλλος
649 1761 809 1818 ασκεῖ
817 1763 1122 1837 ,διαγραφ’
1150 1789 1222 1830 ως
1246 1767 1420 1822 οὖσαν
1442 1767 1633 1839 κακήν

333 1844 500 1901 ουδεν
524 1847 628 1918 γὰρ
655 1845 832 1918 αυτὴν
857 1852 947 1904 δεῖ
965 1849 1209 1921 θύρασιν
1236 1873 1504 1923 ευπρεπες

329 1936 553 2000 φαίνειν
578 1931 900 2002 πρόσωπον,
928 1931 997 2004 ἦν
1022 1957 1072 1989 τι
1099 1933 1171 2005 μὴ
1197 1940 1324 2007 ζητῇ
1350 1935 1537 1991 κακόν.
1685 1948 1794 1993 1075

330 2014 507 2086 μόνην
532 2016 593 2070 δὲ
616 2021 809 2071 πασῶν
833 2016 920 2072 οἶδ
927 2015 939 2035 ’
970 2017 1075 2089 ἐγω
1101 2016 1153 2074 6'
1177 2016 1530 2090 Ἐλληνίδων,

332 2104 383 2154 εἰ
403 2099 504 2169 μὲν
528 2097 593 2154 τὰ
627 2100 832 2169 Τρω’ων
862 2098 1112 2173 εὐτυχοῖ,
1142 2106 1501 2176 κεχαρμένην,

331 2189 382 2238 εἰ
402 2179 455 2237 δ’
486 2180 676 2254 ἥσσον’
707 2193 818 2256 εἴη,
844 2189 1235 2259 συννέφουσαν
1259 2185 1470 2259 ὄμματα

328 2265 696 2340 [Ἀγαμέμνον’
712 2266 780 2323 οὐ
804 2269 1110 2341 χρῄζουσαν
1137 2275 1195 2326 ἐκ
1228 2279 1423 2343 Τροίας
1447 2273 1676 2346 μολεῖν]

331 2357 508 2406 καίτοι
531 2358 711 2417 καλῶς
728 2376 789 2424 γε
808 2369 1121 2426 σωφρονεῖν
1145 2358 1372 2428 παρεῖχέ
1394 2374 1507 2414 σοι·
1685 2371 1794 2414 1080

331 2432 492 2506 ἄνδρ’
523 2435 659 2506 εἶχες
684 2435 750 2492 οὐ
778 2437 992 2494 κακίον’
1020 2445 1301 2511 Αἰγίσθου
1325 2441 1504 2513 πόσιν,

329 2515 395 2574 δν
419 2516 604 2585 Ἑλλὰς
629 2518 796 2592 αὑτῆς
822 2527 991 2578 εἵλετο
1020 2525 1409 2596 στρατηλάτην.

323 2600 537 2675 Ἑλένης
563 2602 615 2660 δ’
653 2603 896 2678 ἀδελφῆς
919 2605 1094 2663 τοιάδ’
1124 2611 1538 2683 ἐξειργασμένης

331 2690 457 2758 ἐξῆν
481 2690 638 2754 κλέος
661 2707 749 2745 σοι
772 2693 909 2762 μέγα
933 2699 1125 2763 λαβεῖν
1141 2711 1152 2721 ·
1186 2693 1250 2749 τὰ
1273 2694 1377 2766 γὰρ
1403 2693 1544 2751 κακὰ

328 2771 673 2843 παράδειγμα
697 2788 809 2839 τοῖς
833 2778 1117 2832 ἐσθλοῖσιν
1142 2785 1357 2844 εἴσοψίν
1381 2777 1429 2834 τ’
1459 2786 1582 2850 ἔχει.
1682 2794 1791 2838 1⁰85

329 2861 382 2911 εἰ
405 2853 457 2911 δ’
488 2853 560 2921 ὥς
584 2859 760 2929 λέγεις
782 2859 887 2930 σὴν
910 2859 1178 2933 θυγατέρ’
1207 2863 1670 2993 ἔκτεινενΙέτατήρ,
