2022 3126
830 103 1076 148 EAENH
1662 94 1762 147 217

115 255 242 305 ΜΕ.
302 253 545 311 πείσειας
575 242 643 300 ἄν
671 241 779 299 τιν’
805 248 1005 307 οἵτινες
1031 240 1376 312 τετραζύγων

302 329 446 403 ὄχων
473 325 794 398 ἆνάσσουσ’,
822 325 960 382 ὥστε
988 332 1100 401 νῷν
1124 331 1320 381 δοῦναι
1344 329 1611 396 δίφρους;
1658 338 1764 380 1040

116 424 226 471 EA.
308 413 551 485 πείσαιμ’
580 412 675 468 ἄν·
704 410 841 467 ἀλλὰ
866 418 989 466 τίνα
1013 409 1204 483 φυγὴν
1230 410 1590 481 φευξούμεθα

304 505 513 556 πεδίων
538 496 753 568 ἄπειροι
777 495 1064 570 βαρβάρου
1088 492 1137 550 τ’
1167 493 1320 560 ὄντες
1343 493 1575 565 χθονός;

116 592 242 640 ΜΕ.
304 583 583 640 ἀδύνατον
610 582 779 646 εἶπας.
809 583 971 653 φέρε,
997 586 1055 635 τί
1076 576 1129 634 δ’
1161 585 1210 634 εἰ
1230 581 1508 651 κρυφθεὶς
1531 577 1718 649 δόμοις

305 666 554 739 κτάνοιμ’
584 665 793 722 ἅνακτα
816 670 957 737 τῷδε
980 664 1219 738 διστόμῳ
1245 666 1420 734 ξίφει;

114 760 225 808 EA.
306 752 408 809 οὐκ
442 748 512 806 ἄν
542 748 597 806 σ’
633 745 914 820 ἀνάσχοιτ’
948 744 1081 803 ούδε
1113 746 1383 816 σιγήσειεν
1414 743 1484 800 α“ν
1660 760 1769 803 1045

302 834 553 908 μέλλοντ’
588 833 801 906 ἀδελφὴ
827 833 1103 904 σύγγονον
1131 844 1507 887 κατακτανεῖν.

116 929 244 977 ΜΕ.
304 919 426 977 ἀλλ’
455 918 588 976 οὐδε
611 919 721 991 μὴν
743 942 882 983 ναυς
905 924 1054 973 ἔστιν
1077 918 1112 990 ᾐ
1136 924 1416 987 σωθεῖμεν
1440 939 1509 971 αν

304 1006 631 1078 φεύγοντες·
662 1002 733 1076 ἣν
757 1002 861 1076 γὰρ
887 1011 1104 1074 εἴχομεν
1127 999 1364 1056 &amaad
1395 1007 1519 1070 ἔχει.

112 1097 225 1145 ΕΛ.
307 1088 577 1160 ἄκουσον,
609 1086 679 1160 ἤν
704 1114 753 1144 τι
777 1091 869 1144 καὶ
892 1087 1035 1159 γυνὴ
1061 1089 1183 1159 λέξῃ
1207 1085 1401 1157 σοφόν.

303 1175 493 1247 βούλει
517 1177 780 1246 λέγεσθαι
805 1173 877 1244 μὴ
902 1171 1099 1229 θανων
1127 1173 1489 1241 τεθνηκέναι;
1662 1182 1770 1223 1050

117 1266 241 1314 ME.
301 1257 467 1324 κακὸς
491 1260 591 1330 μὲν
618 1256 771 1330 ὅρνις
788 1277 798 1286 ·
836 1264 885 1313 εί
910 1258 971 1313 δὲ
994 1261 1246 1328 κερδανῶ
1282 1257 1518 1323 [λέγειν],

304 1344 517 1415 ἕτοιμός
542 1350 650 1415 εἰμι
684 1342 756 1414 μὴ
790 1341 987 1398 θανών
1010 1343 1155 1415 λόγῳ
1180 1350 1397 1399 θανεῖν.

113 1435 224 1483 EA.
306 1431 400 1485 καὶ
426 1428 536 1499 μὴν
560 1434 898 1500 γυναικείοις
924 1424 976 1482 σ’
1009 1423 1077 1481 ἂν
1102 1431 1482 1495 οἰκτισαίμεθα

303 1526 559 1585 κουραῖσι
583 1514 676 1568 καὶ
699 1513 959 1584 θρήνοισι
982 1509 1117 1583 πρὸς
1140 1509 1238 1565 τὸν
1263 1506 1504 1565 ἀνόσιον.

115 1604 243 1652 ΜΕ.
305 1604 577 1669 σωτηρίας
605 1597 665 1652 δὲ
689 1594 839 1653 τοῦτ’
869 1602 977 1667 ἔχει
1001 1601 1058 1650 τί
1082 1600 1199 1669 νῷν
1222 1591 1380 1661 ἅκοςς
1663 1605 1772 1646 1055

309 1682 605 1753 παλαιότης
629 1680 733 1753 γὰρ
759 1687 833 1755 τῷ
860 1681 1005 1754 λόγῳ
1031 1676 1084 1751 γ’
1114 1684 1298 1735 ἔνεστί
1319 1701 1413 1743 τις.

113 1774 225 1824 ΕΛ.
307 1764 379 1832 ὡς
403 1765 470 1838 δὴ
496 1767 744 1822 θανόντα
768 1764 820 1821 σ’
852 1765 1072 1821 ἐνάλιον
1100 1769 1243 1838 κενῷ
1268 1763 1424 1837 τάφῳ

304 1852 483 1916 θάψαι
508 1851 788 1923 τύραννον
810 1854 978 1921 τῆσδε
1001 1855 1100 1921 γῆς
1123 1848 1427 1920 αἰτήσομαι.

120 1943 238 1992 ΜΕ.
297 1938 389 1991 καὶ
418 1935 485 2007 δὴ
512 1949 802 2006 παρεῖκεν·
832 1934 947 1991 εἶτα
972 1957 1086 2000 πως
1109 1931 1246 1989 ἄνευ
1269 1955 1407 1997 νεως

303 2020 714 2092 σωθησόμεσθα
739 2015 1137 2090 κενοταφοῦντ’
1166 2016 1299 2089 ἐμὸν
1322 2018 1518 2087 δέμας;
1668 2028 1775 2071 1060

116 2111 209 2161 EA
220 2154 222 2157 .
303 2110 501 2161 δοῦναι
523 2102 768 2161 κελεύσω
794 2101 1090 2175 πορθμίδ’,
1118 2095 1154 2176 ᾗ
1177 2102 1498 2174 καθήσομεν

304 2189 510 2261 κόσμον
533 2191 690 2265 τάφω
715 2196 793 2246 σῶ
817 2195 1080 2260 πελαγίας
1106 2191 1159 2253 ἐς
1182 2185 1438 2259 ἀγκάλας.

119 2283 240 2331 ME.
303 2298 374 2340 ως
399 2276 462 2330 εὐ
488 2272 607 2331 τόδ’
637 2274 791 2340 εἶπας
815 2272 1005 2345 πλὴν
984 2277 1072 2329 ε’ν·
1107 2278 1158 2328 εἰ
1177 2275 1353 2346 χέρσω
1379 2269 1556 2342 ταφὰς

306 2355 493 2415 θεῖναι
523 2360 739 2415 κελεύει
769 2357 844 2429 σ’
872 2355 1093 2414 ούδεν
1065 2382 1099 2429 η
1125 2364 1323 2428 σκῆψις
1349 2358 1523 2427 φέρει.

122 2451 230 2501 ΕΛ.
311 2441 432 2499 ἀλλ’
464 2441 530 2499 ού
555 2451 798 2516 νομίζειν
828 2445 1078 2516 φήσομεν
1104 2439 1239 2497 καθ’
1265 2439 1497 2496 Ελλάδα
1671 2452 1778 2495 1065

306 2531 483 2602 χέρσω
507 2529 810 2585 καλύπτειν
835 2526 966 2592 τοὺς
989 2527 1267 2592 θανόντας
1293 2529 1562 2591 ἐναλίους.

120 2620 247 2670 ME.
307 2610 457 2668 τοῦτ’
487 2615 559 2669 αὐ
584 2622 905 2687 κατορθοῖς·
934 2609 1031 2668 εἶτ’
1059 2609 1164 2682 ἐγώ
1190 2610 1603 2682 συμπλεύσομαι

309 2699 402 2753 καὶ
427 2698 765 2770 συγκαθήσω
790 2699 999 2769 κόσμον
1024 2699 1083 2751 ἐν
1108 2693 1288 2770 ταύτῷ
1313 2695 1529 2766 σκάφει.

122 2788 231 2839 ΕΛ.
311 2781 372 2837 σὲ
395 2783 487 2837 καὶ
509 2796 765 2854 παρεῖναι
791 2787 881 2838 δεῖ
899 2781 1131 2853 μάλιστα
1154 2780 1282 2845 τούς
1305 2802 1362 2835 τε
1387 2777 1520 2843 σοὺς

314 2872 602 2938 πλωτῆρας
626 2871 783 2937 οἵπερ
810 2872 1023 2938 ἔφυγον
1048 2867 1107 2920 ἐκ
1131 2870 1416 2935 ναυαγίας.
1615 2895 1617 2899 <
1670 2872 1778 2917 1070
