2022 3126
744 112 1164 159 ΙΠΠΟΛΥΤΟΣ

307 253 440 323 τάχα
465 250 519 307 δ’
550 257 625 317 εἰς
651 251 938 322 θαλάμους
962 253 1217 318 σπεύσεις
1239 276 1299 308 το
1326 254 1505 309 πάλιν.

311 335 445 407 ταχὺ
472 335 574 407 γὰρ
600 336 831 406 σφάλλει
854 332 1082 392 κούδενὶ
1104 343 1326 408 χαίρεις,

311 419 448 476 οὐδέ
468 418 518 476 σ’
547 417 767 492 ἀρέσκει
790 419 850 475 τὸ
877 421 1081 492 παρόν,
1107 419 1167 476 τὸ
1195 419 1249 476 δ’
1279 419 1421 477 ἆπὸν

310 512 571 577 φίλτερον
593 502 730 575 ἡγεῖ.

309 603 567 660 κρεῖσσον
591 590 652 644 δὲ
676 602 863 644 νοσεῖν
888 585 922 660 ἢ
947 591 1309 661 θεραπεύειν·

307 673 365 729 τὸ
391 676 491 745 μέν
515 676 662 729 ἐστιν
686 671 928 744 ἁπλοῦν,
953 680 1028 748 τῷ
1055 674 1115 729 δὲ
1138 674 1401 731 συνάπτει

308 759 452 828 λύπη
478 781 535 813 τε
562 763 787 829 φρενῶν
813 766 1000 827 χερσίν
1031 782 1087 814 τε
1122 759 1304 823 πόνος.

307 848 410 907 πᾶς
435 841 487 898 δ’
519 840 791 914 ὀδυνηρὸς
816 849 935 913 βιός
960 840 1295 914 ἀνθρώπων,

308 924 445 982 κούκ
472 933 582 982 ἔστι
611 928 800 983 πόνων
828 925 1158 993 ἀνάπαυσις·

308 1009 425 1067 ἀλλ’
459 1009 488 1066 ὅ
518 1035 568 1066 τι
591 1019 690 1066 τοῦ
717 1018 812 1082 ζῆν
839 1018 1101 1083 φίλτερον
1128 1009 1262 1066 ἄλλο

307 1096 498 1161 σκότος
522 1093 809 1167 άμπίσχων
833 1096 1064 1167 κρύπτει
1089 1098 1365 1167 νεφέλαις.

306 1183 610 1251 δυσέρωτες
637 1179 703 1252 δὴ
731 1179 1033 1252 φαινόμεθ’
1062 1178 1216 1245 ὄντες

114 1609 263 1658 ΦΑΙ.

120 2031 216 2078 ΤΡ.

114 2455 262 2504 ΦΑΙ.

120 2878 218 2925 ΤΡ.

304 1263 458 1320 τοῦδ’
486 1262 518 1320 ὅ
542 1289 593 1321 τι
617 1272 778 1321 τοῦτο
801 1271 1010 1337 στίλβει
1034 1264 1170 1320 κατὰ
1195 1271 1316 1336 γῆν,

306 1347 380 1404 δι’
411 1347 785 1421 ἀπειροσύνην
811 1348 982 1405 ἄλλου
1006 1350 1197 1421 βιότου

302 1433 439 1488 κούκ
466 1431 747 1501 ἀπόδειξιν
772 1440 883 1490 τῶν
907 1432 1015 1490 ὑπὸ
1040 1441 1222 1506 γαίας·

303 1518 506 1589 μύθοις
531 1516 585 1574 δ’
615 1517 790 1585 ἄλλως
816 1520 1156 1591 φερόμεσθα.

301 1605 485 1671 αἴρετέ
504 1627 612 1674 μου
638 1607 830 1675 δέμας,
861 1602 1102 1674 ὀρθοῦτε
1130 1603 1295 1673 κάρα·

306 1690 536 1759 λέλυμαι
558 1692 769 1759 μελέων
792 1689 1091 1761 σύνδεσμα,
1120 1694 1292 1759 φίλαι.

303 1770 490 1844 λάβετ’
526 1771 780 1845 εὐπήχεις
803 1787 1014 1845 χεῖρας,
1041 1773 1326 1844 πρόπολοι.

301 1856 445 1928 βαρύ
469 1881 560 1928 μοι
582 1863 827 1930 κεφαλᾶς
851 1862 1150 1931 ἐπίκρανον
1177 1863 1345 1928 ἔχειν·

304 1938 488 2013 ἅφελ’,
515 1940 827 2013 ἀμπέτασον
850 1943 1159 2014 βόστρυχον
1186 1939 1368 2014 ὤμοις.

297 2026 526 2098 θάρσει,
551 2030 773 2098 τέκνον,
800 2029 892 2083 καὶ
916 2026 988 2099 μὴ
1014 2033 1260 2099 χαλεπῶς

301 2111 604 2183 μετάβαλλε
633 2115 812 2185 δέμας.

299 2198 434 2269 ῥᾷον
462 2198 522 2252 δὲ
544 2197 713 2253 νόσον
737 2197 870 2268 μετά
894 2195 955 2254 θ’
982 2196 1211 2269 ἡσυχίας

302 2281 395 2335 καὶ
419 2287 680 2352 γενναίου
704 2283 939 2353 λη’ματος
963 2291 1156 2347 οἴσεις’

298 2373 531 2435 μοχθεῖν
556 2366 617 2421 δὲ
640 2372 917 2437 βροτοῖσιν
944 2365 1170 2438 ἀνάγκη.

299 2455 437 2505 αἰαῖ·

300 2540 415 2599 πῶς
439 2531 506 2589 ἂν
532 2539 798 2607 δροσερᾶς
828 2534 933 2592 ἀπὸ
960 2540 1218 2607 κρηνῖδος

298 2626 566 2691 καθαρῶν
591 2616 812 2676 ὑδάτων
835 2618 980 2692 πῶμ’
1015 2619 1355 2693 ἆρυσαίμαν,

298 2700 408 2758 ὑπό
432 2701 480 2758 τ’
508 2709 769 2775 αἰγείροις
793 2711 853 2761 ἕν
877 2728 935 2760 τε
957 2705 1162 2778 κομήτῃ

301 2793 529 2858 λειμῶνι
554 2786 795 2844 κλιθεῖσ’
824 2788 1267 2861 ἄναπαυσαίμαν.

299 2864 343 2926 ῶ
369 2885 493 2942 παῖ,
518 2879 576 2927 τί
593 2881 809 2942 θροεῖς;

1675 118 1768 166 4:21

1694 521 1773 565 185

1695 943 1773 985 190

1686 1790 1770 1830 200

1688 2716 1769 2758 210
