2022 3126
232 80 332 133 152

233 569 343 618 XO.

233 823 342 874 ΕΚ.

232 1419 346 1467 ΟΔ.

231 1589 342 1638 ΕΚ.

231 1843 347 1891 ΟΔ.

228 2012 340 2062 ΕΚ.

232 2099 347 2146 ΟΔ.

229 2182 340 2231 ΕΚ.

232 2269 347 2316 ΟΔ,

228 2351 344 2401 ΕΚ.

232 2437 347 2486 ΟΛ.

941 83 1190 129 EKABH

421 221 568 288 ὅστις
594 222 697 295 γὰρ
724 220 828 278 οὐκ
855 231 1022 278 εἴωθε
1045 223 1315 294 γεύεσθαι
1339 230 1543 295 κακῶν,

420 310 578 381 φέρει
602 310 732 379 μέν,
759 305 920 380 ἀλγεῖ
939 312 973 363 δ
981 305 993 325 '
1023 305 1215 378 αὐχέν’
1244 311 1481 374 ἐντιθεὶς
1506 316 1678 385 ζυγῷ·

419 392 616 449 θανών
641 390 693 448 δ’
725 388 794 448 ἂν
821 402 903 464 εἰή
928 399 1136 464 μᾶλλον
1165 390 1552 465 εὐτυχέστερος

413 477 466 551 [ἢ
497 476 700 547 §ah-z&
727 476 830 549 γὰρ
857 484 953 548 ζῆν
977 476 1048 548 μὴ
1074 483 1254 542 καλῶς
1278 481 1446 550 μέγας
1470 475 1678 549 πόνος].

422 561 604 627 δεινὸς
627 562 904 634 χαρακτὴρ
932 560 1239 633 κᾶπίσημος
1264 566 1322 618 ἐν
1346 569 1564 634 βροτοῖς

419 650 638 703 ἐσθλῶν
662 651 953 718 γενέσθαι,
983 644 1116 702 κάπὶ
1140 654 1322 718 μεῖζον
1349 653 1561 718 ἔρχεται

419 739 513 803 τῆς
540 730 822 804 εὐγενείας
847 730 1021 803 ὄνομα
1045 745 1221 788 τοῖσιν
1245 730 1431 798 ἀξίοις.

413 823 593 883 καλῶς
617 818 718 889 μὲν
746 818 926 888 εἶπας,
952 816 1199 889 θύγατερ
1215 836 1225 846 ·
1261 815 1399 872 ἀλλὰ
1425 824 1499 892 τῷ
1524 823 1674 892 καλῷ

419 903 565 974 λύπη
592 903 903 974 πρόσεστιν.
954 908 1004 958 εἰ
1028 903 1088 957 δὲ
1114 908 1202 958 δεῖ
1221 909 1296 976 τῷ
1323 905 1553 974 Πηλέως

416 988 578 1059 χάριν
604 990 869 1059 γενέσθαι
892 989 1050 1043 παιδὶ
1073 990 1166 1043 καὶ
1189 985 1369 1058 ψόγον
1395 1000 1602 1060 φυγεῖν

418 1069 587 1143 ὑμᾶς,
607 1071 906 1143 Ὀδυσσεῦ,
932 1073 1098 1144 τήνδε
1122 1074 1224 1144 μὲν
1250 1072 1322 1144 μὴ
1348 1079 1607 1142 κτείνετε,

417 1155 555 1229 ἡμᾶς
581 1155 634 1213 δ’
664 1155 888 1229 ἄγοντες
913 1157 1047 1230 πρὸς
1072 1158 1258 1230 πυρὰν
1276 1155 1561 1228 Ἀχιλλέως

416 1256 685 1313 κεντεῖτε,
712 1241 785 1314 μὴ
811 1240 1071 1314 φείδεσθ’
1090 1261 1101 1271 ·
1133 1241 1440 1314 ε’γεὸ”τεκον
1463 1242 1666 1313 Πάριν,

420 1324 478 1391 ὃς
503 1332 671 1383 παῖδα
699 1331 924 1392 Θέτιδος
950 1324 1156 1382 ὤλεσεν
1181 1327 1354 1394 τόξοις
1379 1328 1581 1398 βαλών.

412 1409 478 1467 οῦ
504 1410 579 1482 σ’,
608 1406 652 1467 c3
676 1413 897 1486 γεραιοὶ,
925 1421 1228 1468 κατθανεῖν
1247 1410 1532 1483 Ἀχιλλέως

418 1495 692 1569 φάντασμ’
718 1496 982 1569 Ἀχαιούς,
1009 1495 1146 1552 ἀλλὰ
1169 1495 1324 1569 τήνδ’
1355 1495 1607 1570 ᾐτήσατο.

414 1579 571 1654 ὑμεῖς
595 1585 660 1638 δέ
679 1582 736 1654 μ’
769 1581 907 1638 ἀλλὰ
930 1585 1175 1655 θυγατρὶ
1200 1582 1642 1654 συμφονεύσατε,

418 1671 510 1723 καὶ
537 1670 620 1734 δὶς
645 1669 808 1724 τόσον
832 1660 980 1739 πῶμ’
1011 1672 1234 1739 αἵματος
1261 1667 1551 1740 γενήσεται

418 1760 548 1826 γαίᾳ
571 1761 751 1828 νεκρῷ
779 1776 835 1809 τε
859 1760 932 1828 τῷ
960 1752 1078 1809 τάδ’
1109 1755 1491 1827 ἐξαιτουμένῳ.

419 1835 538 1902 ἅλις
563 1840 729 1910 κόρης
767 1834 843 1903 εἷς
877 1839 1137 1909 θάνατος,
1167 1836 1235 1894 οὐ
1261 1840 1615 1911 προσοιστέος

417 1919 579 1988 ἄλλος
604 1923 739 1991 πρὸς
767 1921 913 1997 ἄλλῳ
930 1943 940 1952 ·
975 1924 1113 1994 μηδὲ
1138 1922 1293 1979 τόνδ’
1325 1920 1652 1994 ὠφείλομεν.

418 2008 592 2080 πολλή
615 2006 666 2079 γ’
697 2007 907 2079 ἀνάγκη
934 2010 1176 2080 θυγατρὶ
1199 2016 1511 2064 συνθανεῖν
1537 2010 1644 2079 ε’μέ.

416 2099 559 2161 πῶς;
595 2091 661 2148 οὗ
689 2093 792 2164 γὰρ
819 2093 942 2149 οἶδα
968 2093 1234 2158 δεσπότας
1259 2094 1605 2164 κεκτημένος.

412 2175 573 2233 ὁποῖα
597 2178 784 2243 κισσὸς
809 2177 977 2248 δρυὸς
1003 2175 1150 2243 ὅπως
1175 2176 1331 2249 τῆσδ’
1361 2181 1562 2249 ἕξομαι.

418 2260 548 2333 οῦκ,
576 2261 645 2335 ἤν
670 2287 731 2335 γε
756 2269 927 2336 πείθῃ
951 2276 1094 2319 τοῖσι
1118 2269 1220 2319 σοῦ
1247 2265 1597 2334 σοφωτέροις.

415 2345 487 2412 ὡς
511 2347 665 2420 τησδ
696 2351 899 2404 εκοῦσα
926 2347 1122 2412 παιδὸς
1146 2345 1214 2404 οῦ
1238 2349 1567 2466 μεθήσομαι.

226 2517 387 2575 ΠΛΞ
410 2523 607 2590 μῆτερ,
634 2526 810 2575 πιθοῦ
835 2537 953 2590 μοι·
987 2542 1079 2573 και
1103 2517 1172 2574 σῦ
1201 2531 1304 2574 παῖ
1321 2525 1615 2588 Λαερτιου,

417 2603 553 2674 χάλα
577 2610 834 2660 τοκεῦσιν
860 2603 1080 2668 εικότως
1104 2612 1182 2658 θυ
1175 2606 1496 2675 ·μουμένοις,

417 2687 488 2743 σύ
513 2684 560 2742 τ’
594 2690 634 2743 ὦ
663 2689 892 2745 τάλαινα
915 2701 1024 2754 τοῖς
1051 2695 1315 2758 κρατοῦσι
1339 2688 1411 2760 μὴ
1437 2688 1632 2759 μάχου.

416 2773 606 2844 βουλει
632 2788 819 2829 ιεσεῖν
843 2773 979 2846 πρὸς
1005 2765 1173 2838 οῦδας
1198 2775 1438 2829 ελκῶσαι
1457 2796 1516 2829 τε
1539 2771 1640 2829 σὸν

417 2859 650 2928 γέροντα
672 2860 853 2929 χρῶτα
877 2857 1012 2930 πρὸς
1039 2864 1168 2929 βίαν
1194 2855 1507 2930 ὥθουμένη,

1805 241 1890 287 375

1805 1511 1891 1555 390

1804 1935 1888 1980 395

1728 2394 1743 2409 ἢ
1802 2362 1887 2402 400

410 2430 528 2487 αλλ’
560 2431 682 2490 οὐδ’
710 2434 816 2507 ἐγώ
840 2432 949 2505 μὴν
974 2432 1129 2504 τηνδ’
1159 2430 1382 2505 άπειμ
1413 2431 1549 2490 τεοῦ
1575 2433 1767 2488 λιπών.

1801 2784 1885 2824 405
