2022 3126
213 87 311 137 298

219 2101 324 2149 XO.

215 2441 335 2489 AH.

828 88 1101 133 HPAKAE
1110 87 1263 135 ΤΔΑΙ

402 227 538 300 δότ’,
568 220 611 284 ῶ
635 225 805 297 τέκν’,
831 226 1017 291 αὐτοῖς
1039 240 1195 298 χεῖρα
1220 226 1406 294 δεξιὰν
1433 226 1575 297 δότε,

403 312 558 385 ὑμεῖς
581 336 639 368 τε
662 319 845 382 παισί,
871 314 963 367 καὶ
989 313 1154 376 πέλας
1179 319 1531 384 προσέλθετε.

403 392 447 453 ῶ
471 403 688 467 παῖδες,
718 402 793 461 εἰς
816 397 917 468 μὲν
942 409 1141 465 πεῖραν
1164 393 1413 468 ἤλθομεν
1439 405 1620 468 φίλων
1642 422 1649 426 ·

401 480 469 554 «ἦν
497 489 528 539 δ
538 481 551 501 ’
580 475 684 538 οὖν
707 479 841 537 ποθ’
871 479 1004 552 ὑμῖν
1028 481 1220 545 νόστος
1245 486 1321 546 εἰς
1345 482 1559 555 πάτραν
1584 490 1733 557 φανῇ
1787 498 1871 540 310

400 570 493 623 καὶ
519 564 724 638 δώματ’
753 567 1007 637 οἰκήσητε
1031 567 1124 620 καὶ
1147 564 1303 636 τιμὰς
1327 566 1548 637 πατρός,

401 659 647 725 σωτῆρας
675 649 761 707 ἀεὶ
784 654 877 706 καὶ
902 657 1100 721 φίλους
1126 657 1387 722 νομίζετε,

403 739 495 793 καὶ
523 734 723 809 μήποτ’
756 742 831 801 εἰς
855 740 960 807 γῆν
987 732 1191 805 ἐχθρὸν
1217 745 1476 805 αἴρεσθαι
1505 738 1661 808 δόρυ,

403 824 739 894 μεμνημένοι
762 818 950 889 τῶνδ’,
979 817 1116 874 ἀλλα
1143 821 1410 892 φιλτάτην
1435 822 1597 877 πόλιν

401 913 593 963 πασῶν
620 905 876 977 νομίζετ’.
904 902 1044 971 ἄξιοι
1068 903 1121 960 δ’
1151 902 1284 976 ὑμῖν
1310 908 1494 977 σέβειν
1789 921 1871 963 315

400 1000 457 1049 οἳ
476 998 581 1064 γῆν
606 992 837 1062 τοσήνδε
862 993 954 1046 καὶ
977 988 1329 1060 Πελασγικὸν
1351 990 1496 1046 λεῶν

398 1075 555 1149 ἡμῶν
578 1075 956 1147 ἀπηλλάξαντο
981 1082 1276 1146 πολεμίους
1302 1081 1464 1146 ἔχειν,

395 1161 642 1232 πτωχοὺς
666 1159 865 1231 ἀλήτας
892 1166 1237 1230 εἰσορῶντες·
1269 1157 1387 1215 ἀλλ’
1418 1157 1564 1231 ὅμως

400 1244 501 1301 οὐκ
529 1249 801 1312 ἐξέδωκαν
828 1242 952 1300 οὐδ’
982 1241 1270 1315 ἀπήλασαν
1291 1247 1511 1315 χθονός.

401 1330 505 1401 ἑγῶ
531 1331 593 1386 δὲ
616 1332 708 1385 καὶ
732 1324 838 1397 ζὼν
863 1332 955 1385 καὶ
979 1328 1248 1399 θανόνθ’,
1282 1331 1414 1385 ὅταν
1444 1332 1643 1403 θάνῃς,
1788 1344 1872 1386 320

401 1422 585 1491 πολλῷ
611 1412 663 1471 σ’
695 1418 901 1488 ἐπαίνῳ
930 1416 1178 1483 Θησέως,
1205 1406 1249 1468 ῶ
1273 1420 1400 1484 τᾶν,
1427 1416 1592 1477 πέλας

400 1499 620 1572 ὑψηλὸν
645 1497 761 1568 ἀρῶ
786 1501 878 1555 καὶ
901 1502 1079 1572 λέγων
1104 1496 1222 1554 τάδ’
1253 1496 1536 1571 εὐφρανῶ,

402 1583 473 1650 ῶς
500 1578 564 1640 εὖ
592 1584 640 1640 τ’
671 1587 834 1651 ἐδέξω
858 1586 951 1640 καὶ
981 1586 1255 1640 τέκνοισιν
1279 1581 1515 1655 ἤρκεσας

401 1684 511 1735 τοῖς
533 1669 898 1739 (Ηρακλειόις,
931 1666 1161 1741 εὐγενὴς
1187 1674 1218 1723 δ
1227 1666 1238 1685 ’
1269 1666 1359 1724 ἀν’
1392 1666 1624 1723 Ἑλλάδα

401 1756 585 1823 σώζεις
610 1755 874 1829 πατρςόαν
899 1755 1092 1823 δόξαν,
1119 1756 1171 1819 ἐξ
1197 1757 1417 1809 ἐσθλῶν
1443 1754 1504 1809 δὲ
1530 1752 1640 1824 φὺς
1790 1767 1872 1809 325

399 1839 565 1895 οὐδὲν
589 1846 798 1896 κακίων
822 1841 1109 1910 τυγχάνεις
1134 1838 1309 1908 γεγῶς
1333 1837 1537 1907 πατρὸς

402 1925 633 1996 παύρων
657 1922 772 1996 μετ’
803 1921 1013 1980 ἄλλων·
1046 1925 1143 1978 ἕνα
1169 1922 1273 1994 γὰρ
1300 1926 1360 1978 έν
1383 1930 1603 1986 πολλοῖς
1628 1931 1757 1986 ἴσως

402 2007 582 2079 εὕροις
607 2006 677 2064 ἂν
702 2006 847 2072 ὅστις
872 2011 983 2064 ἐστὶ
1007 2006 1079 2080 μὴ
1103 2013 1305 2077 χείρων
1331 2008 1549 2076 πατρός.

395 2093 485 2149 ἀεί
504 2091 628 2149 ποθ’
658 2091 756 2165 ἥδε
782 2106 910 2164 γαῖα
935 2106 1045 2158 τοῖς
1072 2089 1367 2162 ἀμηχάνοις

398 2178 503 2234 σὺν
530 2185 603 2253 τῷ
630 2184 825 2252 δικαίῳ
850 2179 1109 2249 βούλεται
1133 2185 1534 2248 προσωφελεῖν.
1789 2190 1874 2232 330

400 2262 590 2335 τοιγὰρ
619 2264 821 2327 πόνους
846 2262 913 2334 δὴ
938 2267 1172 2334 μυρίους
1199 2259 1338 2331 ὑπὲρ
1366 2269 1548 2334 φίλων

410 2347 635 2420 ἤνεγκε,
663 2350 755 2403 καὶ
781 2354 888 2402 νῦν
914 2344 1064 2403 τόνδ’
1097 2343 1270 2417 ἀγῶν’
1301 2345 1411 2417 ὁρῶ
1439 2349 1620 2411 πέλας.

401 2440 493 2488 σοί
516 2431 562 2488 τ’
596 2426 659 2489 εὖ
684 2436 958 2503 λέλεκται,
985 2433 1077 2488 καὶ
1100 2431 1164 2486 τὰ
1191 2430 1362 2486 τῶνδ’
1394 2429 1575 2501 αὐχῶ,
1607 2433 1788 2501 γέρον,

401 2516 609 2573 τοιαῦτ’
642 2525 894 2573 ἔσεσθαι·
922 2517 1359 2588 μνημονεύσεται
1382 2517 1553 2587 χάρις.

402 2601 551 2675 κάγώ
578 2604 678 2673 μὲν
704 2601 885 2657 ἀστῶν
911 2602 1183 2672 σύλλογον
1209 2602 1520 2672 ποιήσομαι,
1788 2613 1872 2654 335

403 2688 541 2754 τάξω
569 2686 622 2742 δ’
654 2685 801 2752 ὅπως
827 2684 896 2743 ἂν
920 2686 1016 2742 τὸν
1041 2692 1394 2756 ,Μυκηναίων
1419 2684 1653 2757 στρατὸν

403 2778 576 2844 πολλῇ
603 2775 841 2843 δέχωμαι
863 2778 1027 2843 χειρί·
1058 2776 1247 2840 πρῶτα
1272 2771 1372 2841 μὲν
1396 2768 1638 2833 σκοποὺς

405 2860 599 2927 πέμψω
626 2855 762 2925 πρὸς
788 2854 987 2927 αὐτόν,
1015 2855 1086 2927 μὴ
1113 2856 1263 2926 λάθῃ
1285 2879 1350 2926 με
1375 2869 1729 2924 προσπεσων·
