2022 3126
214 98 309 149 118

211 247 324 295 ΠΕ.

210 332 307 380 ΔΙ.

208 417 323 465 ΠΕ,

206 585 306 633 ΔΙ.

207 672 320 719 ΠΕ.

210 842 294 890 ΔΙ

212 2117 319 2166 XO.

890 98 1159 144 BAKXAI

395 239 620 303 καὶπῶς
649 235 714 292 δι’
745 235 949 303 ἄστεως
973 237 1082 308 εἶμι
1109 243 1426 309 Καδμείους
1451 240 1675 307 λαθών;
1784 254 1869 298 840

399 321 568 387 ὁδοὺς
596 323 833 394 ἐρήμους
860 332 1012 394 ἴμεν·
1043 321 1150 393 ἐγώ
1177 320 1230 378 δ’
1262 322 1552 395 ἡγήσομαι.

395 413 506 464 πᾶν
531 420 789 480 κρεῖσσον
813 405 952 464 ὥστε
975 406 1048 479 μὴ
1068 404 1293 479 ’γγελᾶν
1315 409 1532 480 Βάκχας
1558 413 1692 482 ἐμοί.

395 494 581 549 ἐλθών
615 496 670 556 ἐς
703 501 893 557 οἴκους
925 492 997 547 ἂν
1031 495 1170 562 δοκῇ
1205 495 1597 566 βουλεύσομαι.

393 580 591 645 ἔξεστι·
623 578 802 651 πάντῃ
826 578 887 634 τό
912 576 956 649 γ’
985 576 1117 648 ἐμὸν
1144 575 1404 649 εὐτρεπὲς
1427 580 1590 652 πάρα.

397 660 647 734 στείχοιμ’
678 661 773 718 ἄν·
811 660 845 735 ἢ
869 662 973 735 γὰρ
1001 660 1118 719 ὅπλ’
1148 670 1288 735 ἔχων
1313 666 1654 737 πορεύσομαι
1785 678 1868 722 845

393 743 428 815 ἦ
455 761 597 804 τοῖσι
628 761 772 804 σοῖσι
799 754 1063 817 πείθομαι
1079 748 1473 821 βουλεύμασιν.

395 846 682 903 γυναῖκες,
709 831 849 906 ἀνὴρ
877 840 952 898 εἰς
976 834 1145 905 βόλον
1170 841 1525 891 καθίσταται·
1785 846 1869 889 848

400 916 510 989 ἥξει
536 918 597 974 δὲ
620 919 852 989 Βάκχας,
879 911 947 975 οὗ
971 918 1167 974 θανών
1192 925 1225 976 δ
1230 920 1360 976 ω’σει
1384 925 1564 992 δίκην.
1789 928 1870 973 847

395 1001 667 1074 Διόνυσε,
693 1011 801 1060 νῦν
825 1003 926 1060 σὸν
955 1010 1147 1075 ἔργον,
1174 1028 1242 1060 ου
1267 1004 1372 1077 γὰρ
1400 1006 1451 1061 εἷ
1472 1006 1679 1077 πρόσω,

393 1087 648 1160 τισώμεθ’
684 1088 871 1145 αὐτόν.
908 1095 1097 1160 πρῶτα
1125 1087 1176 1144 δ’
1207 1096 1471 1161 ἔκστησον
1495 1098 1738 1196 φρενῶν,
1787 1104 1872 1147 850

398 1177 539 1239 ἐνεις
563 1173 812 1244 ἐλαφρὰν
837 1174 1072 1230 λύσσαν·
1103 1198 1175 1239 ως
1201 1182 1430 1247 φρονῶν
1455 1177 1516 1247 μὲ
1497 1200 1555 1232 εν
1581 1178 1643 1232 εὐ

396 1257 462 1315 οὐ
487 1258 560 1331 μὴ
593 1264 805 1330 θελήσῃ
838 1265 1025 1330 θῆλυν
1052 1263 1282 1315 ἐνδῦναι
1314 1261 1532 1332 στολήν,

399 1347 498 1411 ἔξω
525 1349 557 1400 δ
565 1343 577 1362 ²
607 1344 860 1400 ἐλαύνων
885 1350 984 1399 τοῦ
1011 1358 1244 1415 φρονεῖν
1269 1345 1574 1401 ἐνδύσεται.

395 1430 572 1502 χρῄζω
598 1432 661 1485 δέ
682 1453 775 1485 νιν
798 1432 1007 1501 γέλωτα
1033 1435 1296 1500 Θηβαίοις
1322 1428 1519 1501 ὀφλεῖν

398 1514 855 1586 γυναικόμορφον
879 1511 1154 1585 ἀγόμενον
1179 1513 1243 1570 δι’
1273 1512 1478 1581 ἄστεως
1788 1528 1868 1571 855

398 1603 456 1655 ἐκ
481 1606 593 1656 τῶν
618 1597 863 1655 ἀπειλῶν
887 1605 999 1654 τῶν
1024 1606 1184 1670 πρίν,
1210 1596 1323 1655 αἷσι
1349 1599 1528 1666 δεινὸς
1554 1593 1640 1672 ἦν.

395 1682 507 1740 ἀλλ’
546 1685 653 1755 εἶμι
682 1686 890 1756 κόσμον
914 1681 1085 1753 ὅνπερ
1113 1682 1394 1750 είς”Αιδο-υ
1421 1684 1610 1758 λαβὼν

398 1766 583 1826 ἄπεισι
611 1769 814 1841 μητρὸς
839 1773 897 1825 ἐκ
922 1782 1106 1841 χεροῖν
1130 1778 1520 1842 κατασφαγείς,

394 1861 614 1910 Πενθεῖ
635 1855 938 1927 προσάψων
954 1873 964 1883 ·
1022 1855 1292 1925 γνώσεται
1318 1855 1380 1911 δὲ
1402 1855 1500 1912 τὸν
1523 1855 1662 1921 Διὸς

395 1940 708 2010 Διόνυσον,
736 1937 794 2005 ὃς
819 1942 1073 2010 πέφυκεν
1098 1943 1158 1995 ἐν
1186 1942 1330 1996 τέλει
1353 1940 1486 2005 θεὸς
1785 1953 1876 1997 860

396 2025 736 2095 δεινότατος,
763 2022 1114 2094 ἀνθρώποισι
1141 2023 1193 2080 δ’
1226 2023 1548 2097 ἠπιώτατος.

392 2108 471 2181 ἆρ’
501 2114 560 2165 ἐν
588 2117 912 2180 παννυχίοις
943 2122 1124 2181 χοροῖς
1669 2128 1784 2181 στρ.

392 2192 552 2266 θήσω
585 2218 716 2251 ποτε
739 2194 942 2250 λευκὸν

398 2278 522 2336 πόδ’
551 2278 1026 2353 ἀναβακχεύουσα,
1055 2282 1223 2351 δέραν

401 2372 476 2432 εἰς
501 2368 703 2437 αἰθέρα
729 2364 999 2437 δροσερὸν
1788 2377 1870 2421 865

398 2449 674 2521 ῥίπτουσ’,
705 2449 777 2516 ὡς
793 2448 991 2523 νεβρὸς
1014 2457 1267 2521 χλοεραῖς

395 2539 730 2607 ἐμπαίζουσα
755 2543 1011 2608 λείμακος
1034 2532 1281 2607 ἡδοναῖς,

397 2619 533 2692 ἡνίκ’
564 2617 633 2677 ἂν
658 2621 907 2694 φοβερὰν
934 2620 1087 2693 φύγῃ

397 2707 582 2778 θήραν
608 2709 707 2773 ἔξω
741 2712 993 2778 φυλακᾶς

400 2789 719 2846 εὐπλέκτων
743 2789 885 2863 ὑπὲρ
911 2789 1154 2863 ἀρκύων,
1785 2800 1872 2846 870

747 2889 832 2933 862
846 2911 904 2917 ·—
925 2888 1004 2932 881
1017 2887 1180 2931 :882
1195 2904 1256 2913 ‘'-
1270 2888 1350 2932 901
