2022 3126
806 90 1265 142 ΑΝΔΡΟΜΑΧΗ

402 239 478 310 τῷ
505 234 566 289 δὲ
595 231 829 303 ξιφηρης
853 223 935 299 ἆρ’
963 227 1292 302 ὑφειστήκει
1316 232 1474 301 λόχος

405 318 592 391 δάφνῃ
617 323 930 381 σκιασθείς·
959 317 1039 372 ὠν
1063 316 1559 417 Κλυταιμνήστρας
1581 308 1741 381 τόκος
1774 332 1884 375 1115

413 400 491 467 εἷς
515 405 585 475 ἠν
611 398 872 459 ἁπάντων
896 405 1075 457 τῶνδε
1098 400 1545 474 μηχανορράφος.

401 486 484 561 χὼ
507 490 611 560 μὲν
632 483 744 543 κατ’
772 483 919 558 όμμα
943 485 1074 551 στὰς
1099 486 1461 558 προσεύχεται
1485 492 1629 542 θεω·

405 565 458 630 οὶ
483 578 516 629 δ
523 570 536 591 ’
567 570 897 642 ὀξυθήκτοις
924 570 1234 642 φασγάνοις
1260 568 1598 643 ὠπλισμένοι

405 654 661 714 κεντοῦσ’
692 654 894 726 ἆτευχῆ
919 653 1072 712 παῖδ’
1097 653 1383 726 Ἀχιλλέως
1407 657 1610 731 λάθρᾳ.

404 755 577 815 χωρεῖ
597 742 658 797 δὲ
682 742 945 813 πρύμναν
961 759 971 769 ·
1007 739 1198 813 οὐγὰρ
1213 745 1291 806 εἰς
1303 740 1504 813 καιρὸν
1517 743 1708 807 τυπεὶς
1775 754 1887 797 1120

407 824 676 899 ἐτύγχαν’,
700 829 905 894 ἐξέλκει
930 831 962 882 δ
967 825 992 882 ὲ
1016 828 1110 882 καὶ
1135 826 1484 898 παραστάδος

409 910 690 985 κρεμαστὰ
714 910 882 984 τεύχη
906 912 1205 969 πασσάλων
1230 910 1599 982 καθαρπάσας

411 1005 536 1070 ἔστη
568 996 652 1054 ’πὶ
675 1004 870 1069 βωμοῦ
894 995 1096 1068 γοργὸς
1120 994 1348 1069 ὁπλίτης
1373 1001 1534 1066 ἰδεῖν,

408 1090 514 1157 βοᾷ
540 1083 600 1139 δὲ
625 1089 872 1155 Δελφῶν
901 1086 1101 1148 παῖδας
1129 1087 1366 1153 ἱστορῶν
1391 1081 1548 1138 τάδε·

407 1175 558 1234 τίνος
584 1166 631 1239 μ’
667 1171 819 1224 ἕκατι
844 1165 1067 1224 κτείνετ’
1099 1165 1347 1239 εὐσεβεῖς
1371 1164 1540 1231 ὁδοὺς
1779 1180 1888 1221 1125

408 1251 647 1326 ἥκοντας
672 1258 830 1317 ποίας
855 1250 1091 1324 ὄλλυμαι
1115 1252 1253 1326 πρὸς
1276 1258 1483 1319 αἰτίας;

408 1344 521 1395 τῶν
547 1342 580 1393 δ
586 1336 598 1356 '
629 1335 798 1394 οὐδὲν
823 1335 1011 1403 οὐδεὶς
1033 1344 1254 1409 μυρίων
1279 1335 1459 1393 ὅντων
1483 1338 1652 1401 πέλας

411 1420 721 1496 ἐφθέγξατ’,
749 1420 860 1478 ἀλλ’
894 1429 1128 1494 ἔβαλλον
1157 1426 1216 1479 ἐκ
1240 1428 1445 1495 χειρῶν
1469 1424 1706 1493 πέτροις.

412 1515 599 1581 πυκνῇ
625 1508 686 1564 δὲ
708 1508 907 1579 νιφάδι
933 1508 1218 1565 πάντοθεν
1243 1507 1622 1579 σποδούμενος

413 1593 709 1665 προύτεινε
732 1594 897 1665 τεύχη
921 1590 1288 1665 κᾶφυλάσσετ’
1316 1591 1551 1665 ἐμβολὰς
1780 1605 1890 1649 1130

413 1682 590 1735 ἐκεῖσε
616 1676 828 1734 κάκεῖσ’
858 1675 1040 1735 ἀσπίδ’
1069 1682 1333 1735 ἐκτείνων
1357 1685 1493 1750 χερί.

414 1761 526 1820 ἀλλ’
557 1762 728 1821 οὐδὲν
751 1757 913 1836 ἦνεν·
952 1761 1092 1820 ἀλλὰ
1117 1762 1266 1820 πόλλ’
1298 1761 1440 1835 ὁμοῦ
1464 1765 1617 1836 βέλη,

413 1851 587 1907 οἰστοὶ
610 1845 906 1920 μεσάγκυλ’
937 1854 1162 1906 ἔκλυτοί
1180 1847 1218 1904 τ’
1248 1847 1593 1921 ἄμφι-όβολοι,

411 1941 627 2006 σφαγῆς
653 1934 900 2005 ἐχώρουν
924 1934 1197 2005 βουπόροι
1220 1938 1410 1990 ποδῶν
1435 1934 1634 2005 πάρος·

413 2017 601 2083 δεινὰς
632 2017 684 2074 δ’
715 2015 783 2074 ἂν
810 2018 951 2084 εἶδες
975 2025 1247 2091 πυρρίχας
1272 2020 1706 2092 φρουρουμένου
1779 2031 1890 2075 1135

412 2106 651 2176 βέλεμνα
676 2103 888 2168 παιδός.
935 2101 1008 2169 ὡς
1033 2106 1098 2160 δέ
1119 2128 1211 2160 νιν
1235 2103 1571 2175 περισταδὸν

413 2189 602 2263 κύκλῳ
627 2201 880 2260 κατεῖχον
906 2186 973 2245 οὗ
999 2189 1250 2255 διδόντες
1274 2187 1541 2261 ἆμπνοάς,

412 2279 603 2344 βωμοῦ
630 2273 873 2338 κενώσας
899 2277 1193 2346 δεξίμηλον
1219 2275 1472 2346 ἐσχάραν,

412 2357 473 2414 τὸ
506 2358 758 2429 Τρωικὸν
781 2359 1004 2431 πήδημα
1030 2360 1277 2432 πηδήσας
1306 2365 1504 2417 ποδοῖν

413 2456 584 2514 χωρεῖ
604 2443 740 2516 πρὸς
766 2441 995 2509 αὐτούς·
1025 2442 1080 2502 οἳ
1108 2450 1140 2501 δ
1147 2443 1159 2463 ’
1190 2443 1338 2510 ὅπως
1363 2442 1649 2509 πελειάδες
1781 2458 1892 2500 1140

418 2525 582 2599 ἱέρακ’
613 2533 831 2584 ἰδοῦσαι
855 2528 992 2601 πρὸς
1017 2529 1208 2602 φυγὴν
1233 2530 1516 2587 ἐνώτισαν.

416 2614 610 2668 πολλοὶ
635 2611 684 2668 δ’
716 2620 944 2670 ἔπιπτον
975 2616 1204 2687 μιγάδες
1229 2621 1288 2672 ἔκ
1312 2638 1371 2672 τε
1394 2615 1727 2687 τραυμάτων

420 2695 586 2753 αὐτοί
605 2695 656 2753 θ’
673 2697 773 2769 ὑφ’
805 2699 990 2755 αὐτῶν
1016 2701 1389 2772 στενοπόρους
1412 2697 1524 2756 κατ’
1553 2700 1793 2770 ἐξόδους,

418 2782 635 2855 κραυγὴ
659 2788 690 2839 δ
699 2780 712 2801 '
743 2786 802 2838 ἐν
828 2781 1124 2856 εὐφήμοισι
1150 2785 1442 2857 δύσφημος
1463 2786 1654 2857 δόμοις

421 2868 707 2940 πέτραισιν
733 2865 1043 2942 άντέκλαγξ
1061 2889 1072 2899 ·
1101 2874 1162 2926 ἐν
1189 2866 1350 2945 εὐδίᾳ
1378 2872 1444 2927 δέ
1464 2894 1580 2937 πως
1780 2881 1891 2924 1145
