2022 3126
838 80 1106 127 ΒΛΚΧΑΙ

306 219 582 275 θωΰσσων
608 219 668 274 δὲ
691 219 993 288 κυναγέτας

303 309 563 375 συντείνῃ
587 301 839 372 δράμημα
865 306 1056 355 κυνῶν
1071 319 1082 329 ·

302 388 530 459 μόχθοις
554 383 593 441 τ’
624 382 970 456 ὠκυδρόμοις
1000 382 1038 439 τ’
1070 382 1198 441 ἀέλ-

303 480 423 536 λαις
450 470 694 541 θρῶσκει
725 474 920 525 πεδίον

300 554 746 626 παραποτάμιον,
772 551 1016 625 ἡδομένα

299 642 517 712 βροτῶν
541 642 788 711 ἐρημίαις

300 723 670 794 σκιαροκόμου
695 719 734 777 τ’
762 725 822 778 ἐν
847 727 1064 792 ἔρνεσιν
1086 719 1239 786 ὕλας.

300 814 356 863 τί
374 806 434 863 τὸ
460 805 638 879 σοφὸν
663 803 699 877 ἦ
722 812 780 861 τί
799 804 859 861 τὸ
887 806 1114 861 κάλλιον

298 891 447 963 παρὰ
471 898 626 947 θεῶν
649 893 813 962 γέρας
838 894 897 945 ἐν
924 897 1143 962 βροτοῖς

297 973 333 1047 ἦ
356 973 485 1047 χεῖρ’
513 974 654 1045 ὑπὲρ
679 981 932 1046 κορυφᾶς

297 1067 408 1115 τῶν
432 1064 652 1130 ἐχθρῶν
676 1065 913 1131 κρείσσω
940 1060 1218 1129 κατέχειν;

299 1141 330 1200 ὅ
353 1167 405 1200 τι
428 1143 600 1200 καλὸν
630 1150 796 1215 φίλον
821 1140 922 1198 ἆεί.

297 1227 530 1300 ὁρμᾶται
554 1228 734 1297 μόλις,
760 1225 871 1283 ἀλλ’
901 1225 1047 1299 ὅμως

297 1313 491 1370 πιστόν
533 1335 582 1369 τι
619 1314 680 1368 τὸ
722 1320 884 1368 θεῖον

299 1399 521 1461 σθένος·
556 1395 870 1452 ἀπευθύνει
897 1396 957 1451 δὲ
980 1403 1196 1466 βροτῶν

299 1481 425 1546 τούς
451 1478 490 1536 τ’
519 1478 925 1552 ἀγνωμοσύναν

301 1571 570 1636 τιμῶντας
593 1567 686 1621 καὶ
710 1564 781 1636 μὴ
807 1564 872 1619 τὰ
895 1570 1049 1619 θεῶν

298 1648 564 1717 αὔξοντας
588 1649 694 1705 σὺν
717 1651 1023 1722 μαινομένα
1049 1650 1194 1723 δόξᾳ.

297 1733 675 1806 κρυπτεύουσι
699 1735 760 1789 δὲ
783 1740 1045 1798 ποικίλως

300 1816 475 1890 δαρὸν
502 1819 709 1889 χρόνου
735 1815 878 1873 πόδα
901 1819 994 1872 καὶ

297 1908 553 1975 θηρῶσιν
575 1901 674 1958 τὸν
697 1901 950 1958 ἄσεπτον.
990 1901 1058 1957 οὐ

297 1987 402 2060 γὰρ
425 1986 686 2057 κρεῖσσόν
709 2009 841 2043 ποτε
866 1993 978 2042 τῶν
1001 1987 1190 2058 νόμων

296 2071 629 2144 γιγνώσκειν
654 2071 758 2144 χρὴ
782 2073 875 2127 καὶ
900 2078 1148 2142 μελετᾶν.

295 2157 482 2227 κούφα
506 2155 610 2227 γὰρ
637 2154 856 2212 δαπάνα
886 2163 1046 2228 νομί-

295 2247 406 2309 ζειν
431 2239 592 2312 ἰσχὺν
615 2239 733 2297 τόδ’
764 2248 926 2312 ἔχειν,

295 2322 329 2380 δ’
350 2348 401 2381 τι
426 2323 539 2381 ποτ’
568 2323 674 2397 ἄρα
697 2324 758 2381 τὸ
796 2326 1101 2396 δαιμόνιον,

295 2409 357 2466 τό
377 2408 419 2466 τ’
445 2414 507 2466 ἐν
529 2411 710 2485 χρόνῳ
734 2416 928 2484 μακρῷ

291 2494 526 2566 νόμιμον
550 2492 636 2550 ἀεὶ
661 2495 829 2566 φύσει
855 2519 913 2551 τε
937 2494 1201 2566 πεφυκός.

297 2585 355 2634 τί
371 2578 431 2634 τὸ
457 2578 634 2651 σοφὸν
658 2575 693 2650 ἦ
714 2586 772 2634 τί
790 2579 850 2635 τὸ
875 2580 1101 2636 κάλλιον

296 2661 443 2734 παρὰ
468 2670 623 2720 θεῶν
645 2667 809 2736 γέρας
832 2668 892 2720 ἐν
916 2672 1134 2736 βροτοῖς

298 2743 331 2818 ἢ
353 2744 480 2818 χεῖρ’
508 2746 649 2821 ὑπὲρ
671 2756 922 2821 κορυφᾶς

298 2837 408 2887 τῶν
433 2834 651 2905 ἐχθρῶν
673 2839 910 2904 κρείσσω
936 2835 1212 2905 κατέχεινς

1667 73 1770 126 119

1686 650 1736 695 87
1741 653 1767 695 5

1567 1225 1681 1283 ἀντ.

1680 1914 1766 1959 890

1679 2421 1763 2465 895
