2022 3126
671 617 1185 674 ΕΥΡΙΠΙΔΟΥ

462 785 1401 855 ΒΑΚΧΑΙ.

103 1153 202 1203 ΔΙ.
276 1140 429 1200 ’Ἡκω
452 1152 592 1208 Διος
615 1156 743 1210 παῖς
767 1140 934 1214 τήνδε
959 1149 1224 1215 Θηβαίων
1246 1141 1427 1213 χθόνα

290 1228 597 1299 Διόνυσος,
624 1224 691 1284 ὃν
714 1234 883 1284 τίκτει
906 1224 1033 1284 ποθ’
1060 1225 1093 1299 ἡ
1118 1227 1352 1298 Κάδμου
1375 1225 1512 1297 κόρη

291 1316 508 1385 Σεμέλη
535 1310 841 1384 λοχευθεῖσ’
870 1310 1283 1384 ἀστραπηφόρῳ
1308 1317 1471 1382 πυρί·

291 1397 517 1470 μορφὴν
542 1402 574 1452 δ
582 1395 594 1414 ’
628 1396 864 1468 ἀμείψας
885 1401 944 1453 ἐκ
970 1403 1112 1452 θεοῦ
1137 1402 1440 1468 βροτησίαν

293 1483 519 1553 πάρειμι
542 1488 756 1554 Δίρκης
779 1479 967 1553 νάματ’
990 1479 1243 1552 Ἰσμηνοῦ
1267 1477 1320 1535 θ’
1349 1476 1522 1551 ὕδωρ.
1733 1494 1760 1536 5

294 1565 406 1638 ὁρῶ
432 1567 493 1622 δὲ
515 1566 719 1638 μητρὸς
740 1573 929 1638 μνῆμα
956 1572 1051 1637 τῆς
1073 1571 1371 1637 κεραυνίας

292 1650 410 1708 τόδ’
440 1650 604 1722 ἐγγὺς
633 1659 802 1706 οἴκων
827 1653 919 1706 καὶ
944 1651 1133 1723 δόμων
1158 1653 1373 1719 ἐρείπια

292 1736 580 1808 τυφόμενα
606 1742 753 1791 Δίου
775 1735 953 1808 πυρὸς
979 1741 1059 1791 ἔτι
1082 1741 1262 1802 ζῶσαν
1286 1733 1486 1804 φλόγα,

292 1816 761 1892 ἄθάνατονἸΙρας
780 1818 962 1892 μητέρ’
992 1825 1068 1885 εἰς
1092 1817 1228 1890 ἐμὴν
1251 1815 1435 1889 ὕβριν.

294 1912 431 1961 αι’νῶ
457 1905 519 1962 δὲ
541 1905 799 1976 Κάδμον,
828 1903 1033 1976 ἄβατον
1059 1901 1119 1969 ὃς
1144 1906 1315 1959 πέδον
1338 1902 1464 1958 τόδε
1709 1916 1760 1956 10

297 1998 486 2062 τίθησι
510 1989 793 2061 θυγατρὸς
817 1990 1014 2061 σηκόν·
1069 1986 1318 2060 ἀμπέλου
1345 1990 1411 2043 δέ
1435 2009 1528 2043 νιν

294 2077 448 2147 πέριξ
475 2074 580 2146 ε’γώ
601 2073 844 2141 ’κάλυψα
874 2073 1183 2146 βοτρυώδει
1206 2072 1355 2145 χλόῃ.

293 2158 471 2216 λιπών
496 2160 559 2216 δὲ
582 2164 789 2216 Λυδῶν
823 2166 938 2215 τῶν
971 2158 1339 2229 πολυχρύσων
1380 2157 1516 2228 γύας

300 2250 545 2317 Φρυγῶν
569 2268 655 2314 τε,
679 2250 920 2315 Περσῶν
942 2241 995 2299 θ’
1025 2241 1390 2314 ἡλιοβλήτους
1414 2240 1623 2306 πλάκας

294 2330 539 2402 Βάκτριά
562 2352 620 2385 τε
643 2335 793 2400 τείχη
817 2329 919 2400 τήν
943 2352 1000 2384 τε
1026 2329 1297 2398 δύσχιμον
1319 2326 1499 2396 χθόνα
1710 2340 1760 2379 15

297 2413 518 2486 Μήδων
543 2412 801 2471 ἐπελθών
819 2412 1083 2484 Ἀραβίαν
1108 2410 1146 2467 τ’
1178 2409 1481 2482 εὐδαίμονα

291 2497 480 2556 Ἀσίαν
503 2523 562 2556 τε
586 2505 797 2568 πᾶσαν,
824 2495 860 2570 ἢ
885 2497 1005 2570 παρ’
1037 2494 1294 2568 ἁλμυρὰν
1319 2493 1423 2551 ἅλα

297 2597 473 2641 κεῖται
496 2580 958 2656 μιγάσινἝ”λλησι
984 2580 1287 2654 βαρβάροις
1310 2578 1361 2635 θ’
1390 2576 1533 2651 ὁμοῦ

301 2668 526 2740 πλήρεις
554 2674 754 2740 ἔχουσα
779 2667 1273 2737 καλλιπυργώτους
1296 2665 1500 2734 πόλεις,

299 2758 376 2818 εἰς
400 2753 564 2825 τήνδε
588 2759 811 2825 πρῶτον
836 2746 1017 2823 ἦλθον
1034 2749 1313 2822 Ἑλλήνων
1336 2749 1516 2818 πόλιν,
1708 2759 1764 2801 20

299 2836 463 2894 κάκεῖ
479 2837 749 2908 χορεύσας
774 2839 867 2892 καὶ
888 2835 1229 2907 καταστήσας
1257 2833 1385 2904 ἐμὰς
