<?xml version="1.0" encoding="UTF-8"?>
<!DOCTYPE html PUBLIC "-//W3C//DTD XHTML 1.0 Transitional//EN"
    "http://www.w3.org/TR/xhtml1/DTD/xhtml1-transitional.dtd">
<html xmlns="http://www.w3.org/1999/xhtml" xml:lang="en" lang="en">
 <head>
  <title>
</title>
<meta http-equiv="Content-Type" content="text/html;charset=utf-8" />
  <meta name='ocr-system' content='tesseract 3.04.00' />
  <meta name='ocr-capabilities' content='ocr_page ocr_carea ocr_par ocr_line ocrx_word'/>
</head>
<body>
  <div class='ocr_page' id='page_1' title='image "./euripidistragoe01euriuoft_0193.png"; bbox 0 0 2022 3126; ppageno 0'>
   <div class='ocr_carea' id='block_1_1' title="bbox 96 1072 205 1120">
    <p class='ocr_par' dir='ltr' id='par_1_1' title="bbox 96 1072 205 1120">
     <span class='ocr_line' id='line_1_1' title="bbox 96 1072 205 1120; baseline -0.009 0"><span class='ocrx_word' id='word_1_1' title='bbox 96 1072 205 1120; x_wconf 76' lang='lat' dir='ltr'><em>XO.</em></span> 
     </span>
    </p>
   </div>
   <div class='ocr_carea' id='block_1_2' title="bbox 803 89 1746 140">
    <p class='ocr_par' dir='ltr' id='par_1_2' title="bbox 803 89 1746 140">
     <span class='ocr_line' id='line_1_2' title="bbox 803 89 1746 140; baseline -0.002 0"><span class='ocrx_word' id='word_1_2' title='bbox 803 93 1065 140; x_wconf 85' lang='grc' dir='ltr'><em>ΒΛΚΧΑΙ</em></span> <span class='ocrx_word' id='word_1_3' title='bbox 1680 89 1746 140; x_wconf 87' lang='grc'><em>93</em></span> 
     </span>
    </p>
   </div>
   <div class='ocr_carea' id='block_1_3' title="bbox 270 216 1746 2900">
    <p class='ocr_par' dir='ltr' id='par_1_3' title="bbox 270 216 1746 2745">
     <span class='ocr_line' id='line_1_3' title="bbox 280 216 1596 293; baseline -0.002 -16"><span class='ocrx_word' id='word_1_4' title='bbox 280 221 502 293; x_wconf 84' lang='grc' dir='ltr'><em>μορφήν</em></span> <span class='ocrx_word' id='word_1_5' title='bbox 525 218 564 276; x_wconf 81' lang='grc' dir='ltr'><em>τ’</em></span> <span class='ocrx_word' id='word_1_6' title='bbox 591 218 727 290; x_wconf 87' lang='grc' dir='ltr'><em>ἐμὴν</em></span> <span class='ocrx_word' id='word_1_7' title='bbox 750 221 1050 290; x_wconf 81' lang='grc' dir='ltr'><strong><em>μετέβαλον</em></strong></span> <span class='ocrx_word' id='word_1_8' title='bbox 1077 224 1153 282; x_wconf 81' lang='grc' dir='ltr'><em>εἰς</em></span> <span class='ocrx_word' id='word_1_9' title='bbox 1178 216 1381 289; x_wconf 76' lang='grc' dir='ltr'><em>ἀνδρὸς</em></span> <span class='ocrx_word' id='word_1_10' title='bbox 1407 220 1596 288; x_wconf 85' lang='grc' dir='ltr'><em>φύσιν.</em></span> 
     </span>
     <span class='ocr_line' id='line_1_4' title="bbox 280 299 1746 374; baseline 0 -13"><span class='ocrx_word' id='word_1_11' title='bbox 280 304 390 361; x_wconf 76' lang='grc' dir='ltr'><em>ἀλλ’</em></span> <span class='ocrx_word' id='word_1_12' title='bbox 421 299 465 361; x_wconf 71' lang='grc' dir='ltr'><em>ὦ</em></span> <span class='ocrx_word' id='word_1_13' title='bbox 489 309 747 359; x_wconf 83' lang='grc' dir='ltr'><em>λιποῦσαι</em></span> <span class='ocrx_word' id='word_1_14' title='bbox 779 309 1009 374; x_wconf 63' lang='grc' dir='ltr'><em>Τμῶλον</em></span> <span class='ocrx_word' id='word_1_15' title='bbox 1035 309 1211 373; x_wconf 83' lang='grc' dir='ltr'><em>ἔρυμα</em></span> <span class='ocrx_word' id='word_1_16' title='bbox 1233 307 1445 367; x_wconf 87' lang='grc' dir='ltr'><em>Λυδίας</em></span> <span class='ocrx_word' id='word_1_17' title='bbox 1462 347 1476 373; x_wconf 89' lang='grc'><em>,</em></span> <span class='ocrx_word' id='word_1_18' title='bbox 1692 320 1746 361; x_wconf 85' lang='grc'><em>55</em></span> 
     </span>
     <span class='ocr_line' id='line_1_5' title="bbox 281 383 1444 459; baseline -0.003 -14"><span class='ocrx_word' id='word_1_19' title='bbox 281 397 479 453; x_wconf 82' lang='grc' dir='ltr'><em>θίασος</em></span> <span class='ocrx_word' id='word_1_20' title='bbox 509 388 635 459; x_wconf 85' lang='grc' dir='ltr'><em>ἐμὸς</em></span> <span class='ocrx_word' id='word_1_21' title='bbox 657 400 946 458; x_wconf 81' lang='grc' dir='ltr'><em>γυναῖκες,</em></span> <span class='ocrx_word' id='word_1_22' title='bbox 973 383 1036 451; x_wconf 72' lang='grc' dir='ltr'><em>ἃς</em></span> <span class='ocrx_word' id='word_1_23' title='bbox 1060 391 1119 442; x_wconf 85' lang='grc' dir='ltr'><em>ἐκ</em></span> <span class='ocrx_word' id='word_1_24' title='bbox 1143 387 1444 458; x_wconf 88' lang='grc' dir='ltr'><em>βαρβάρων</em></span> 
     </span>
     <span class='ocr_line' id='line_1_6' title="bbox 286 471 1533 545; baseline -0.003 -15"><span class='ocrx_word' id='word_1_25' title='bbox 286 474 510 545; x_wconf 83' lang='grc' dir='ltr'><em>ἐκόμισα</em></span> <span class='ocrx_word' id='word_1_26' title='bbox 535 475 848 543; x_wconf 78' lang='grc' dir='ltr'><em>παρέδρους</em></span> <span class='ocrx_word' id='word_1_27' title='bbox 872 474 964 526; x_wconf 77' lang='grc' dir='ltr'><em>καὶ</em></span> <span class='ocrx_word' id='word_1_28' title='bbox 992 471 1373 542; x_wconf 75' lang='grc' dir='ltr'><strong><em>ξυνεμπόρους</em></strong></span> <span class='ocrx_word' id='word_1_29' title='bbox 1398 474 1533 542; x_wconf 80' lang='grc' dir='ltr'><em>ἐμοί,</em></span> 
     </span>
     <span class='ocr_line' id='line_1_7' title="bbox 278 553 1348 629; baseline -0.004 -15"><span class='ocrx_word' id='word_1_30' title='bbox 278 566 508 629; x_wconf 80' lang='grc' dir='ltr'><strong><em>αἴρεσθε</em></strong></span> <span class='ocrx_word' id='word_1_31' title='bbox 530 553 807 627; x_wconf 76' lang='grc' dir='ltr'><em>τάπιχώρι’</em></span> <span class='ocrx_word' id='word_1_32' title='bbox 837 560 897 612; x_wconf 88' lang='grc' dir='ltr'><em>έν</em></span> <span class='ocrx_word' id='word_1_33' title='bbox 923 556 1080 612; x_wconf 88' lang='grc' dir='ltr'><em>πόλει</em></span> <span class='ocrx_word' id='word_1_34' title='bbox 1104 562 1348 626; x_wconf 78' lang='grc' dir='ltr'><em>Φρυγῶν</em></span> 
     </span>
     <span class='ocr_line' id='line_1_8' title="bbox 279 636 1528 713; baseline -0.002 -15"><span class='ocrx_word' id='word_1_35' title='bbox 279 642 521 710; x_wconf 80' lang='grc' dir='ltr'><em>τύπανα,</em></span> <span class='ocrx_word' id='word_1_36' title='bbox 547 639 690 705; x_wconf 88' lang='grc' dir='ltr'><em>Ῥέας</em></span> <span class='ocrx_word' id='word_1_37' title='bbox 714 663 772 696; x_wconf 92' lang='grc' dir='ltr'><em>τε</em></span> <span class='ocrx_word' id='word_1_38' title='bbox 795 640 998 713; x_wconf 81' lang='grc' dir='ltr'><em>μητρὸς</em></span> <span class='ocrx_word' id='word_1_39' title='bbox 1024 640 1124 711; x_wconf 81' lang='grc' dir='ltr'><em>ε’μά</em></span> <span class='ocrx_word' id='word_1_40' title='bbox 1149 636 1201 694; x_wconf 85' lang='grc' dir='ltr'><em>θ’</em></span> <span class='ocrx_word' id='word_1_41' title='bbox 1231 638 1528 711; x_wconf 77' lang='grc' dir='ltr'><em>εὑρήματα,</em></span> 
     </span>
     <span class='ocr_line' id='line_1_9' title="bbox 281 722 1744 798; baseline -0.001 -16"><span class='ocrx_word' id='word_1_42' title='bbox 281 725 536 798; x_wconf 88' lang='grc' dir='ltr'><em>βασίλειά</em></span> <span class='ocrx_word' id='word_1_43' title='bbox 557 723 597 780; x_wconf 83' lang='grc' dir='ltr'><em>τ’</em></span> <span class='ocrx_word' id='word_1_44' title='bbox 629 723 771 796; x_wconf 76' lang='grc' dir='ltr'><em>ἀμφὶ</em></span> <span class='ocrx_word' id='word_1_45' title='bbox 796 722 993 796; x_wconf 78' lang='grc' dir='ltr'><em>δώματ’</em></span> <span class='ocrx_word' id='word_1_46' title='bbox 1023 728 1292 780; x_wconf 81' lang='grc' dir='ltr'><em>ἐλθοῦσαι</em></span> <span class='ocrx_word' id='word_1_47' title='bbox 1321 724 1452 780; x_wconf 88' lang='grc' dir='ltr'><em>τάδε</em></span> <span class='ocrx_word' id='word_1_48' title='bbox 1689 739 1744 782; x_wconf 88' lang='grc'><em>60</em></span> 
     </span>
     <span class='ocr_line' id='line_1_10' title="bbox 281 807 1543 882; baseline -0.002 -16"><span class='ocrx_word' id='word_1_49' title='bbox 281 824 538 867; x_wconf 82' lang='grc' dir='ltr'><em>κτυπεῖτε</em></span> <span class='ocrx_word' id='word_1_50' title='bbox 560 812 854 880; x_wconf 86' lang='grc' dir='ltr'><em>Πενθέως,</em></span> <span class='ocrx_word' id='word_1_51' title='bbox 889 808 961 875; x_wconf 77' lang='grc' dir='ltr'><em>ὦς</em></span> <span class='ocrx_word' id='word_1_52' title='bbox 985 807 1088 882; x_wconf 76' lang='grc' dir='ltr'><em>ὁρᾷ</em></span> <span class='ocrx_word' id='word_1_53' title='bbox 1112 810 1347 880; x_wconf 81' lang='grc' dir='ltr'><em>Κάδμου</em></span> <span class='ocrx_word' id='word_1_54' title='bbox 1371 810 1543 874; x_wconf 91' lang='grc' dir='ltr'><em>πόλις.</em></span> 
     </span>
     <span class='ocr_line' id='line_1_11' title="bbox 281 894 1456 966; baseline -0.001 -16"><span class='ocrx_word' id='word_1_55' title='bbox 281 894 386 966; x_wconf 75' lang='grc' dir='ltr'><em>ἐγώ</em></span> <span class='ocrx_word' id='word_1_56' title='bbox 415 896 476 950; x_wconf 75' lang='grc' dir='ltr'><em>δὲ</em></span> <span class='ocrx_word' id='word_1_57' title='bbox 498 895 737 965; x_wconf 80' lang='grc' dir='ltr'><em>Βάκχαις</em></span> <span class='ocrx_word' id='word_1_58' title='bbox 763 901 839 959; x_wconf 80' lang='grc' dir='ltr'><em>εἰς</em></span> <span class='ocrx_word' id='word_1_59' title='bbox 863 900 1223 965; x_wconf 77' lang='grc' dir='ltr'><em>Κιθαιρῶνος</em></span> <span class='ocrx_word' id='word_1_60' title='bbox 1249 895 1456 964; x_wconf 80' lang='grc' dir='ltr'><em>πτυχὰς</em></span> 
     </span>
     <span class='ocr_line' id='line_1_12' title="bbox 280 976 1432 1051; baseline 0 -17"><span class='ocrx_word' id='word_1_61' title='bbox 280 979 492 1049; x_wconf 72' lang='grc' dir='ltr'><em>ἐλθών,</em></span> <span class='ocrx_word' id='word_1_62' title='bbox 521 976 586 1034; x_wconf 80' lang='grc' dir='ltr'><em>ἵν’</em></span> <span class='ocrx_word' id='word_1_63' title='bbox 617 984 748 1049; x_wconf 82' lang='grc' dir='ltr'><em>εἰσί,</em></span> <span class='ocrx_word' id='word_1_64' title='bbox 776 978 1208 1051; x_wconf 86' lang='grc' dir='ltr'><em>συμμετασχήσω</em></span> <span class='ocrx_word' id='word_1_65' title='bbox 1233 985 1432 1050; x_wconf 78' lang='grc' dir='ltr'><em>χορῶν.</em></span> 
     </span>
     <span class='ocr_line' id='line_1_13' title="bbox 271 1061 1656 1134; baseline -0.001 -15"><span class='ocrx_word' id='word_1_66' title='bbox 271 1061 452 1128; x_wconf 80' lang='grc' dir='ltr'><em>Ἀσίας</em></span> <span class='ocrx_word' id='word_1_67' title='bbox 477 1061 583 1119; x_wconf 76' lang='grc' dir='ltr'><em>ἀπὸ</em></span> <span class='ocrx_word' id='word_1_68' title='bbox 611 1070 770 1134; x_wconf 89' lang='grc' dir='ltr'><em>γαίας</em></span> <span class='ocrx_word' id='word_1_69' title='bbox 1543 1083 1656 1128; x_wconf 89' lang='grc' dir='ltr'><em>στρ.</em></span> 
     </span>
     <span class='ocr_line' id='line_1_14' title="bbox 279 1146 1743 1220; baseline 0.001 -17"><span class='ocrx_word' id='word_1_70' title='bbox 279 1146 432 1219; x_wconf 78' lang='grc' dir='ltr'><em>ἱερὸν</em></span> <span class='ocrx_word' id='word_1_71' title='bbox 465 1155 694 1218; x_wconf 78' lang='grc' dir='ltr'><em>Τμῶλον</em></span> <span class='ocrx_word' id='word_1_72' title='bbox 719 1146 997 1220; x_wconf 79' lang='grc' dir='ltr'><em>ἀμείψασα</em></span> <span class='ocrx_word' id='word_1_73' title='bbox 1022 1149 1204 1216; x_wconf 83' lang='grc' dir='ltr'><em>θοάζω</em></span> <span class='ocrx_word' id='word_1_74' title='bbox 1688 1162 1743 1205; x_wconf 84' lang='grc'><em>65</em></span> 
     </span>
     <span class='ocr_line' id='line_1_15' title="bbox 277 1230 1371 1307; baseline 0.001 -19"><span class='ocrx_word' id='word_1_75' title='bbox 277 1239 539 1307; x_wconf 64' lang='grc' dir='ltr'><em>Βρομίῳ*ι</em></span> <span class='ocrx_word' id='word_1_76' title='bbox 565 1233 739 1289; x_wconf 85' lang='grc' dir='ltr'><em>πόνον</em></span> <span class='ocrx_word' id='word_1_77' title='bbox 762 1231 908 1304; x_wconf 76' lang='grc' dir='ltr'><em>ἡδὺν</em></span> <span class='ocrx_word' id='word_1_78' title='bbox 934 1234 1178 1304; x_wconf 86' lang='grc' dir='ltr'><em>κάματόν</em></span> <span class='ocrx_word' id='word_1_79' title='bbox 1203 1230 1240 1288; x_wconf 82' lang='grc' dir='ltr'><em>τ’</em></span> <span class='ocrx_word' id='word_1_80' title='bbox 1275 1231 1371 1289; x_wconf 84' lang='grc' dir='ltr'><em>εὐ-</em></span> 
     </span>
     <span class='ocr_line' id='line_1_16' title="bbox 276 1316 1162 1389; baseline -0.002 -16"><span class='ocrx_word' id='word_1_81' title='bbox 276 1318 548 1389; x_wconf 79' lang='grc' dir='ltr'><em>κάματον,</em></span> <span class='ocrx_word' id='word_1_82' title='bbox 582 1318 822 1389; x_wconf 87' lang='grc' dir='ltr'><em>Βάκχιον</em></span> <span class='ocrx_word' id='word_1_83' title='bbox 848 1316 1162 1389; x_wconf 80' lang='grc' dir='ltr'><em>εὐαζομένα.</em></span> 
     </span>
     <span class='ocr_line' id='line_1_17' title="bbox 275 1399 1657 1476; baseline -0.001 -18"><span class='ocrx_word' id='word_1_84' title='bbox 275 1409 355 1467; x_wconf 93' lang='grc' dir='ltr'><em>τίς</em></span> <span class='ocrx_word' id='word_1_85' title='bbox 380 1399 491 1476; x_wconf 77' lang='grc' dir='ltr'><em>ὁδῷ</em></span> <span class='ocrx_word' id='word_1_86' title='bbox 515 1408 597 1466; x_wconf 89' lang='grc' dir='ltr'><em>τίς</em></span> <span class='ocrx_word' id='word_1_87' title='bbox 621 1399 763 1476; x_wconf 72' lang='grc' dir='ltr'><em>ὁδῷς</em></span> <span class='ocrx_word' id='word_1_88' title='bbox 809 1410 889 1468; x_wconf 87' lang='grc' dir='ltr'><em>τίς</em></span> <span class='ocrx_word' id='word_1_89' title='bbox 1542 1401 1657 1458; x_wconf 83' lang='grc' dir='ltr'><em>ἀντ.</em></span> 
     </span>
     <span class='ocr_line' id='line_1_18' title="bbox 277 1483 1539 1559; baseline -0.001 -17"><span class='ocrx_word' id='word_1_90' title='bbox 277 1487 607 1559; x_wconf 88' lang='grc' dir='ltr'><em>μελάθροις;</em></span> <span class='ocrx_word' id='word_1_91' title='bbox 650 1493 877 1552; x_wconf 80' lang='grc' dir='ltr'><em>ἔκτοπος</em></span> <span class='ocrx_word' id='word_1_92' title='bbox 903 1494 1067 1557; x_wconf 82' lang='grc' dir='ltr'><em>ἔστω,</em></span> <span class='ocrx_word' id='word_1_93' title='bbox 1094 1487 1266 1558; x_wconf 89' lang='grc' dir='ltr'><em>στόμα</em></span> <span class='ocrx_word' id='word_1_94' title='bbox 1289 1483 1328 1541; x_wconf 85' lang='grc' dir='ltr'><em>τ’</em></span> <span class='ocrx_word' id='word_1_95' title='bbox 1359 1483 1539 1558; x_wconf 76' lang='grc' dir='ltr'><em>εὔφη-</em></span> 
     </span>
     <span class='ocr_line' id='line_1_19' title="bbox 274 1568 1741 1642; baseline 0.001 -16"><span class='ocrx_word' id='word_1_96' title='bbox 274 1595 381 1642; x_wconf 91' lang='grc' dir='ltr'><em>μον</em></span> <span class='ocrx_word' id='word_1_97' title='bbox 405 1568 546 1635; x_wconf 82' lang='grc' dir='ltr'><em>ἅπας</em></span> <span class='ocrx_word' id='word_1_98' title='bbox 576 1569 943 1638; x_wconf 80' lang='grc' dir='ltr'><em>ἐξοσιούσθω·</em></span> <span class='ocrx_word' id='word_1_99' title='bbox 994 1570 1059 1628; x_wconf 77' lang='grc' dir='ltr'><em>τὰ</em></span> <span class='ocrx_word' id='word_1_100' title='bbox 1080 1573 1383 1642; x_wconf 87' lang='grc' dir='ltr'><em>νομισθέν-</em></span> <span class='ocrx_word' id='word_1_101' title='bbox 1689 1584 1741 1628; x_wconf 88' lang='grc'><em>70</em></span> 
     </span>
     <span class='ocr_line' id='line_1_20' title="bbox 276 1653 1195 1728; baseline -0.001 -17"><span class='ocrx_word' id='word_1_102' title='bbox 276 1679 339 1711; x_wconf 91' lang='grc' dir='ltr'><em>τα</em></span> <span class='ocrx_word' id='word_1_103' title='bbox 366 1655 471 1727; x_wconf 85' lang='grc' dir='ltr'><em>γὰρ</em></span> <span class='ocrx_word' id='word_1_104' title='bbox 499 1653 584 1711; x_wconf 79' lang='grc' dir='ltr'><em>ἀεὶ</em></span> <span class='ocrx_word' id='word_1_105' title='bbox 608 1656 892 1712; x_wconf 89' lang='grc' dir='ltr'><em>Διόνυσον</em></span> <span class='ocrx_word' id='word_1_106' title='bbox 916 1655 1195 1728; x_wconf 82' lang='grc' dir='ltr'><em>[ὑμνήσω].</em></span> 
     </span>
     <span class='ocr_line' id='line_1_21' title="bbox 276 1733 1655 1813; baseline 0.001 -18"><span class='ocrx_word' id='word_1_107' title='bbox 276 1733 319 1795; x_wconf 66' lang='grc' dir='ltr'><em>ὦ</em></span> <span class='ocrx_word' id='word_1_108' title='bbox 343 1740 551 1812; x_wconf 80' lang='grc' dir='ltr'><em>μάκαρ,</em></span> <span class='ocrx_word' id='word_1_109' title='bbox 578 1738 726 1805; x_wconf 76' lang='grc' dir='ltr'><em>ὅστις</em></span> <span class='ocrx_word' id='word_1_110' title='bbox 752 1738 1033 1813; x_wconf 80' lang='grc' dir='ltr'><em>εὐδαίμων</em></span> <span class='ocrx_word' id='word_1_111' title='bbox 1540 1762 1655 1811; x_wconf 86' lang='grc' dir='ltr'><em>στρ.</em></span> 
     </span>
     <span class='ocr_line' id='line_1_22' title="bbox 277 1823 861 1890; baseline 0.002 -10"><span class='ocrx_word' id='word_1_112' title='bbox 277 1823 496 1889; x_wconf 80' lang='grc' dir='ltr'><em>τελετὰς</em></span> <span class='ocrx_word' id='word_1_113' title='bbox 520 1831 675 1880; x_wconf 77' lang='grc' dir='ltr'><em>θεῶν</em></span> <span class='ocrx_word' id='word_1_114' title='bbox 702 1825 861 1890; x_wconf 75' lang='grc' dir='ltr'><em>εἰδώς</em></span> 
     </span>
     <span class='ocr_line' id='line_1_23' title="bbox 272 1908 767 1982; baseline 0.002 -17"><span class='ocrx_word' id='word_1_115' title='bbox 272 1909 464 1982; x_wconf 79' lang='grc' dir='ltr'><em>βιοτὰν</em></span> <span class='ocrx_word' id='word_1_116' title='bbox 489 1908 767 1980; x_wconf 77' lang='grc' dir='ltr'><em>ἁγιστεύει</em></span> 
     </span>
     <span class='ocr_line' id='line_1_24' title="bbox 274 1995 1738 2066; baseline 0 -16"><span class='ocrx_word' id='word_1_117' title='bbox 274 1996 366 2050; x_wconf 84' lang='grc' dir='ltr'><em>καὶ</em></span> <span class='ocrx_word' id='word_1_118' title='bbox 391 1996 713 2051; x_wconf 82' lang='grc' dir='ltr'><em>θιασεύεται</em></span> <span class='ocrx_word' id='word_1_119' title='bbox 735 1995 938 2066; x_wconf 75' lang='grc' dir='ltr'><em>ψυχάν,</em></span> <span class='ocrx_word' id='word_1_120' title='bbox 1684 2009 1738 2053; x_wconf 72' lang='lat'><em>⁷5</em></span> 
     </span>
     <span class='ocr_line' id='line_1_25' title="bbox 274 2077 858 2151; baseline 0.002 -16"><span class='ocrx_word' id='word_1_121' title='bbox 274 2083 334 2135; x_wconf 85' lang='grc' dir='ltr'><em>ἐν</em></span> <span class='ocrx_word' id='word_1_122' title='bbox 358 2077 546 2150; x_wconf 75' lang='grc' dir='ltr'><em>ὄρεσσι</em></span> <span class='ocrx_word' id='word_1_123' title='bbox 568 2081 858 2151; x_wconf 84' lang='grc' dir='ltr'><em>βακχεύων</em></span> 
     </span>
     <span class='ocr_line' id='line_1_26' title="bbox 276 2162 874 2237; baseline 0.003 -19"><span class='ocrx_word' id='word_1_124' title='bbox 276 2162 449 2229; x_wconf 81' lang='grc' dir='ltr'><em>ὁσίοις</em></span> <span class='ocrx_word' id='word_1_125' title='bbox 474 2174 874 2237; x_wconf 79' lang='grc' dir='ltr'><em>καθαρμοῖσιν·</em></span> 
     </span>
     <span class='ocr_line' id='line_1_27' title="bbox 274 2247 1036 2322; baseline 0.003 -19"><span class='ocrx_word' id='word_1_126' title='bbox 274 2250 338 2303; x_wconf 88' lang='grc' dir='ltr'><em>τά</em></span> <span class='ocrx_word' id='word_1_127' title='bbox 360 2272 418 2304; x_wconf 92' lang='grc' dir='ltr'><em>τε</em></span> <span class='ocrx_word' id='word_1_128' title='bbox 443 2248 647 2319; x_wconf 84' lang='grc' dir='ltr'><em>ματρὸς</em></span> <span class='ocrx_word' id='word_1_129' title='bbox 672 2250 911 2321; x_wconf 83' lang='grc' dir='ltr'><em>μεγάλας</em></span> <span class='ocrx_word' id='word_1_130' title='bbox 937 2247 1036 2322; x_wconf 77' lang='grc' dir='ltr'><em>ὄρ-</em></span> 
     </span>
     <span class='ocr_line' id='line_1_28' title="bbox 274 2332 987 2405; baseline 0.003 -17"><span class='ocrx_word' id='word_1_131' title='bbox 274 2355 365 2403; x_wconf 92' lang='grc' dir='ltr'><em>για</em></span> <span class='ocrx_word' id='word_1_132' title='bbox 389 2337 646 2404; x_wconf 81' lang='grc' dir='ltr'><em>Κυβέλας</em></span> <span class='ocrx_word' id='word_1_133' title='bbox 672 2332 987 2405; x_wconf 78' lang='grc' dir='ltr'><em>θεμιτεύων</em></span> 
     </span>
     <span class='ocr_line' id='line_1_29' title="bbox 272 2415 1741 2490; baseline 0.003 -18"><span class='ocrx_word' id='word_1_134' title='bbox 272 2415 378 2473; x_wconf 78' lang='grc' dir='ltr'><em>ἀνα</em></span> <span class='ocrx_word' id='word_1_135' title='bbox 400 2418 620 2490; x_wconf 88' lang='grc' dir='ltr'><em>θύρσον</em></span> <span class='ocrx_word' id='word_1_136' title='bbox 643 2443 701 2474; x_wconf 93' lang='grc' dir='ltr'><em>τε</em></span> <span class='ocrx_word' id='word_1_137' title='bbox 724 2419 1000 2476; x_wconf 86' lang='grc' dir='ltr'><em>τινάσσων</em></span> <span class='ocrx_word' id='word_1_138' title='bbox 1679 2433 1741 2477; x_wconf 80' lang='grc'><em>80</em></span> 
     </span>
     <span class='ocr_line' id='line_1_30' title="bbox 270 2506 930 2576; baseline 0.006 -20"><span class='ocrx_word' id='word_1_139' title='bbox 270 2508 442 2576; x_wconf 73' lang='grc' dir='ltr'><em>κισσῷ</em></span> <span class='ocrx_word' id='word_1_140' title='bbox 465 2526 524 2559; x_wconf 89' lang='grc' dir='ltr'><em>τε</em></span> <span class='ocrx_word' id='word_1_141' title='bbox 547 2506 930 2575; x_wconf 81' lang='grc' dir='ltr'><em>στεφανωθεὶς</em></span> 
     </span>
     <span class='ocr_line' id='line_1_31' title="bbox 270 2586 899 2661; baseline 0.005 -20"><span class='ocrx_word' id='word_1_142' title='bbox 270 2586 553 2643; x_wconf 88' lang='grc' dir='ltr'><em>Διόνυσον</em></span> <span class='ocrx_word' id='word_1_143' title='bbox 577 2589 899 2661; x_wconf 86' lang='grc' dir='ltr'><em>θεραπεύει.</em></span> 
     </span>
     <span class='ocr_line' id='line_1_32' title="bbox 273 2670 963 2745; baseline 0.004 -18"><span class='ocrx_word' id='word_1_144' title='bbox 273 2679 352 2727; x_wconf 76' lang='grc' dir='ltr'><em>ἴτε</em></span> <span class='ocrx_word' id='word_1_145' title='bbox 376 2670 608 2743; x_wconf 85' lang='grc' dir='ltr'><em>Βάκχαι,</em></span> <span class='ocrx_word' id='word_1_146' title='bbox 635 2682 715 2730; x_wconf 76' lang='grc' dir='ltr'><em>ἴτε</em></span> <span class='ocrx_word' id='word_1_147' title='bbox 737 2674 963 2745; x_wconf 90' lang='grc' dir='ltr'><em>Βάκχαι,</em></span> 
     </span>
    </p>

    <p class='ocr_par' dir='ltr' id='par_1_4' title="bbox 649 2769 1160 2816">
     <span class='ocr_line' id='line_1_33' title="bbox 649 2769 1160 2816; baseline 0.002 -2"><span class='ocrx_word' id='word_1_148' title='bbox 649 2772 705 2814; x_wconf 75' lang='grc'><em>64</em></span> <span class='ocrx_word' id='word_1_149' title='bbox 725 2791 793 2796; x_wconf 61' lang='grc'><em>·-’</em></span> <span class='ocrx_word' id='word_1_150' title='bbox 813 2769 1160 2816; x_wconf 68' lang='lat'>67:68—71</span> 
     </span>
    </p>

    <p class='ocr_par' dir='ltr' id='par_1_5' title="bbox 656 2855 1182 2900">
     <span class='ocr_line' id='line_1_34' title="bbox 656 2855 1182 2900; baseline -0.002 -2"><span class='ocrx_word' id='word_1_151' title='bbox 656 2855 711 2898; x_wconf 78' lang='lat'><em>72</em></span> <span class='ocrx_word' id='word_1_152' title='bbox 726 2876 786 2883; x_wconf 90' lang='lat'><em>-—</em></span> <span class='ocrx_word' id='word_1_153' title='bbox 804 2856 859 2900; x_wconf 82' lang='grc'><em>87</em></span> <span class='ocrx_word' id='word_1_154' title='bbox 872 2869 940 2890; x_wconf 74' lang='grc' dir='ltr'>Ξ</span> <span class='ocrx_word' id='word_1_155' title='bbox 953 2856 1008 2900; x_wconf 86' lang='grc'><em>88</em></span> <span class='ocrx_word' id='word_1_156' title='bbox 1021 2876 1083 2883; x_wconf 80' lang='grc'><em>-·</em></span> <span class='ocrx_word' id='word_1_157' title='bbox 1098 2856 1182 2898; x_wconf 68' lang='grc'><em>104</em></span> 
     </span>
    </p>
   </div>
  </div>
 </body>
</html>
