2022 3126
100 2867 209 2914 XO.

723 99 1090 145 ΑΛΚΗΣΤΙΣ
1678 95 1738 146 27

282 254 468 306 κακοῖς
491 238 747 295 ἐλαύνειν
779 235 1174 308 ἀργυρῶνητον
1201 239 1397 302 σε’θεν;

283 325 386 382 οὐκ
417 324 581 382 οἶσθα
610 322 891 377 Θεσσαλόν
915 345 980 392 με
1004 319 1148 376 κάπὸ
1175 327 1459 377 Θεσσαλοῦ

283 408 485 481 πατρὸς
509 412 723 478 γεγῶτα
750 413 988 476 γνησίως
1021 405 1354 476 ἐλεύθερον;

276 493 417 565 ἄγαν
440 490 710 562 ὑβρίζεις,
736 493 829 545 καὶ
851 497 1075 554 νεανίας
1099 490 1297 560 λόγους

281 583 489 649 ῥίπτων
513 579 566 640 ές
590 573 729 646 ἡμᾶς
752 573 819 630 οὐ
851 573 1038 645 βαλῶν
1064 572 1240 638 οὕτως
1269 572 1411 629 ἄπει.
1663 587 1743 630 680

280 661 385 734 ἐγῶ
414 664 479 716 δέ
500 657 544 715 σ’
574 669 744 715 οἴκων
768 660 1043 730 δεσπότην
1067 659 1362 729 ἐγεινάμην

279 743 532 815 κᾶθρεψ’,
560 743 766 815 ὀφείλω
793 742 847 799 δ’
879 742 979 815 οὐχ
1001 741 1416 813 ὑπερθνῄσκειν
1440 745 1631 798 σέθεν·

280 829 347 887 οὐ
371 835 476 901 γαρ
502 836 758 903 πατρῷον
782 826 933 884 τόνδ’
962 829 1229 899 ἐδεξάμην
1251 825 1444 898 νόμον,

280 920 497 971 παίδων
520 914 902 984 προθνήσκειν
925 915 1160 982 πατέρας
1175 956 1188 983 ,
1218 909 1341 967 οὐδ’
1364 909 1698 982 Ἑλληνικόν.

281 1005 466 1074 σαυτῷ
489 998 595 1070 γαρ
624 1007 731 1053 εἴτε
758 997 1030 1068 δυστυχὴς
1056 994 1143 1052 εἴτ’
1179 995 1410 1067 εὐτυχὴς
1666 1009 1745 1051 685

282 1090 446 1155 ἔφυς·
474 1081 508 1138 ἂ
533 1081 584 1138 δ’
616 1082 770 1154 ἡμῶν
792 1089 931 1153 χρῆν
955 1100 1016 1138 σε
1038 1083 1349 1153 τυγχάνειν,
1377 1087 1529 1151 ἔχεις.

280 1176 501 1224 πολλῶν
524 1168 626 1239 μὲν
651 1166 861 1239 ἄρχεις,
888 1169 1313 1236 πολυπλέθρους
1346 1168 1410 1221 δέ
1431 1183 1515 1220 σοι
1538 1164 1675 1236 γύας

280 1260 452 1318 λείψω
470 1272 480 1282 ·
522 1252 725 1323 πατρὸς
753 1252 857 1323 γὰρ
884 1250 1028 1307 ταῦτ’
1059 1252 1324 1321 ἐδεξάμην
1348 1251 1510 1321 πάρα.

277 1345 335 1394 τί
354 1339 492 1410 δῆτά
517 1336 568 1393 σ’
597 1336 863 1409 ἠδίκηκα;
889 1343 989 1392 τοῦ
1014 1334 1066 1391 σ’
1096 1334 1380 1404 ἀποστερῶ
1399 1360 1413 1401 ;

278 1422 350 1494 μὴ
399 1420 589 1493 θνῆσχ’
640 1420 780 1493 ὑπὲρ
827 1419 981 1477 τοῦδ’
1032 1419 1261 1491 ἀνδρός,
1320 1417 1444 1475 οὐδ’
1495 1418 1599 1489 ε’γῶ
1642 1417 1746 1489 πρὸ

844 1513 962 1562 σοῦ.
1666 1515 1747 1558 690

278 1599 485 1663 χαίρεις
510 1589 659 1661 ὁρῶν
685 1597 827 1661 φῶς
855 1594 1062 1660 πατέρα
1088 1588 1139 1646 δ
1172 1588 1238 1644 οὐ
1263 1596 1477 1660 χαίρειν
1504 1593 1713 1654 δοκεῖς;

280 1679 312 1747 ἡ
339 1700 449 1748 μην
481 1676 659 1731 πολύν
685 1699 746 1746 γε
771 1675 868 1730 τὸν
895 1676 1040 1730 κάτω
1068 1681 1347 1746 λογίζομαι

280 1759 595 1833 χρόνον,τό
622 1762 684 1815 δε
708 1766 802 1832 ζῆν
826 1761 1054 1830 μικρόν,
1082 1757 1192 1815 ἀλλ’
1223 1757 1368 1830 ὅμως
1392 1758 1586 1829 γλυκύ.

281 1845 352 1902 σὺ
378 1852 519 1917 γοῦν
543 1842 784 1909 ἀναιδῶς
810 1843 1074 1915 διεμάχου
1099 1844 1158 1899 τό
1185 1842 1257 1914 μὴ
1282 1848 1500 1912 θανεῖν,

280 1933 371 1986 καὶ
396 1937 485 2003 ζῇς
510 1930 811 2000 παρελθών
837 1929 937 2000 τὴν
968 1931 1337 2000 πεπρωμένην
1361 1929 1548 1999 τύχην,
1668 1939 1750 1983 695

280 2017 486 2086 ταύτην
518 2016 812 2079 κατακτάς·
844 2012 940 2069 ειτ’
971 2013 1106 2085 ἐμὴν
1132 2011 1375 2084 ἀψυχίαν

283 2103 490 2170 λέγεις,
525 2098 790 2170 γυναικὸς
823 2093 866 2154 ῶ
890 2097 1105 2154 κάκισθ’
1136 2096 1458 2170 ἡσσημένος,

280 2183 314 2256 ἢ
338 2192 437 2241 τοῦ
463 2191 636 2240 καλοῦ
662 2191 766 2240 σοῦ
793 2185 1121 2254 προύθανεν
1142 2190 1401 2239 νεανίου·
1390 2226 1403 2249 ,

284 2277 471 2340 σοφῶς
495 2267 547 2324 δ’
576 2273 809 2341 ἐφηῦρες
835 2267 972 2324 ὥστε
998 2268 1070 2339 μὴ
1098 2278 1299 2324 θανεῖν
1323 2290 1472 2335 ποτε,

284 2361 334 2414 εί
354 2354 454 2426 τὴν
479 2362 771 2425 παροῦσαν
798 2363 1102 2409 κατθανεῖν
1128 2360 1335 2417 πείσεις
1360 2350 1445 2407 ἀεὶ
1670 2358 1750 2410 700

281 2437 490 2511 γυναῖχ’
518 2437 658 2509 ὑπὲρ
683 2446 810 2495 σοῦ·
837 2432 948 2511 κᾷτ’
978 2436 1264 2505 ὀνειδίζεις
1291 2443 1472 2508 φίλοις

280 2538 394 2589 τοῖς
419 2524 492 2596 μὴ
517 2527 748 2580 θέλουσι
775 2529 916 2592 δρᾶν
941 2521 1082 2593 τάδ’,
1109 2522 1275 2587 αὐτὸς
1301 2519 1379 2578 ῶν
1403 2517 1599 2582 κακός;

281 2615 408 2680 σίγα
425 2628 436 2638 ·
462 2609 647 2679 νόμιζε
671 2614 704 2664 δ
712 2607 746 2678 ’,
776 2614 825 2664 εἰ
846 2606 915 2662 σύ
948 2607 1048 2678 τὴν
1073 2614 1282 2663 σαυτοῦ
1309 2613 1487 2678 φιλεῖς

281 2695 492 2764 ψυχήν,
521 2701 707 2764 φιλεῖν
733 2691 1003 2756 ἅπαντας·
1035 2699 1086 2748 εἰ
1107 2690 1161 2747 δ’
1190 2690 1330 2763 ἡμᾶς
1360 2694 1541 2750 κακῶς

282 2780 452 2846 ἐρεῖς,
479 2776 707 2834 ἀκούσει
732 2776 908 2833 πολλὰ
933 2775 1036 2832 κού
1060 2782 1241 2848 ψευδῆ
1268 2776 1423 2831 κακά.
1669 2780 1748 2822 705

280 2867 449 2916 πλείω
476 2865 723 2917 λέλεκται
745 2868 854 2917 νῦν
877 2884 935 2915 τε
957 2863 1050 2916 καὶ
1074 2861 1139 2916 τὰ
1164 2863 1296 2925 πρὶν
1309 2858 1484 2946 ‘exaud'
