2022 3126
478 100 819 146 ΗΡΑΚΛΗΣ
849 99 1353 149 ΜΑΙΝΟΜΕΝΟΣ
1653 96 1752 149 353

107 245 264 296 ΑΓΓ.
297 244 528 294 τεθνᾶσι
552 243 756 301 παῖδες.
816 245 930 293 ΧΟ.
963 245 1095 296 αἰαῖ.

105 330 263 380 ΑΓΓ.
294 319 598 393 στενάζεθ’,
629 319 700 387 ὡς
724 320 1008 377 στενακτά.
1068 329 1183 377 ΧΟ.
1216 320 1355 376 δάιοι
1383 319 1573 391 φόνοι,

294 407 441 463 δάιοι
465 408 526 462 δὲ
548 408 753 462 τοκέων
775 418 967 477 χεῖρες.
1669 421 1751 465 915

107 497 262 547 ΑΓΓ.
299 489 401 546 οὐκ
427 488 499 546 ὅὶν
522 514 601 556 τις
626 499 770 546 εἴποι
793 497 1002 561 μᾶλλον
1025 485 1059 559 ἢ
1084 489 1458 562 πεπόνθαμεν.

109 583 220 630 ΧΟ.
292 582 403 640 πῶς
429 577 583 631 παισὶ
606 573 907 631 στενακτὰν
931 572 1067 629 ἄταν
1091 571 1226 629 ἄταν

293 661 523 732 πατέρος
547 657 868 731 ἄμφαίνεις;

294 746 419 815 λέγε
441 750 566 800 τίνα
588 743 795 816 τρόπον
819 749 981 799 ἔσυτο
1006 743 1219 798 θεόθεν
1249 745 1337 798 ἐπὶ

289 830 540 899 μέλαθρα
563 827 705 884 κακὰ
732 829 861 883 τάδε
1669 842 1751 885 920

292 913 554 984 τλήμονές
587 936 644 968 τε
671 917 888 968 παίδων
917 912 1091 983 τύχαι.

105 1003 257 1054 ΑΓΓ.
293 996 412 1070 ἱερὰ
435 999 536 1068 μὲν
557 993 628 1068 ἦν
652 997 926 1068 πάροιθεν
950 996 1179 1067 ἐσχάρας
1197 998 1335 1059 Διὸς

291 1079 543 1153 καθάρσι’
575 1089 770 1151 οἴκων,
796 1087 894 1153 γῆς
918 1077 1101 1137 ἄνακτ’
1133 1082 1250 1137 ἐπεὶ
1272 1078 1490 1135 κτανών

288 1168 504 1237 ἐξέβαλε
527 1171 703 1222 τῶνδε
728 1166 996 1238 δωμάτων
1013 1163 1332 1237 Ἡρακλέης·

287 1251 451 1322 χορὸς
475 1251 536 1306 δὲ
561 1257 936 1323 καλλίμορφος
961 1250 1194 1320 εἱστήκει
1219 1253 1429 1305 τέκνων
1668 1264 1748 1308 925

287 1336 462 1407 πατήρ
488 1358 544 1391 τε
571 1336 807 1408 Μεγάρα
832 1333 881 1391 τ’
898 1353 909 1362 ·
935 1339 995 1392 ἐν
1017 1334 1204 1409 κύκλῳ
1230 1339 1264 1390 δ
1271 1332 1284 1352 '
1312 1332 1422 1405 ἤδη
1447 1341 1657 1391 κανοῦν

295 1424 495 1476 εἵλικτο
524 1427 744 1492 βωμοῦ,
771 1423 997 1493 φθέγμα
1020 1418 1073 1476 δ’
1101 1416 1259 1474 ὅσιον
1286 1427 1514 1490 εἴχομεν.

286 1506 501 1573 μέλλων
524 1505 585 1560 δὲ
610 1503 782 1561 δαλὸν
810 1507 949 1576 χειρὶ
974 1508 1126 1578 δεξιᾷ
1151 1505 1360 1575 φέρειν,

289 1595 363 1653 εἰς
387 1588 597 1661 χέρνιβ’
629 1586 701 1654 ὡς
724 1590 981 1661 βάψειεν,
1001 1588 1302 1660 Ἀλκμήνης
1324 1586 1480 1654 τόκος

283 1679 408 1745 ἔστη
432 1681 625 1746 σιωπῇ.
664 1677 755 1730 καὶ
776 1681 1121 1748 χρονίζοντος
1144 1672 1347 1744 πατρὸς
1663 1688 1749 1733 930

283 1763 475 1824 παῖδες
498 1761 802 1830 προσέσχον
827 1757 957 1831 ὄμμ’
976 1779 986 1788 ·
1033 1755 1064 1810 ὃ
1090 1755 1143 1815 δ’
1174 1755 1370 1814 οὐκέθ’
1399 1755 1565 1824 αὐτὸς
1587 1750 1675 1831 ἦν,

280 1840 400 1897 ἀλλ’
429 1847 489 1899 ἐν
512 1856 839 1916 στροφαῖσιν
867 1842 1124 1916 ὀμμάτων
1148 1845 1497 1915 ἐφθαρμένος

283 1930 428 1995 ῥίζας
453 1925 501 1983 τ’
530 1931 589 1984 ἐν
617 1927 802 1993 ὅσσοις
823 1927 1136 2000 αἰματωπός
1163 1928 1428 1999 ἐκβαλών,

282 2009 466 2083 ἀφρὸν
489 2011 764 2081 κατέσταζ’
796 2011 1052 2085 εὐτρίχου
1079 2013 1377 2085 γενειάδος.

282 2099 426 2163 ἔλεξε
452 2095 502 2152 δ’
531 2094 641 2169 ἅμα
666 2101 863 2170 γέλωτι
888 2100 1426 2173 παραπεπληγμένῳ·
1661 2110 1745 2157 935

280 2179 477 2253 πάτερ,
504 2189 561 2237 τί
579 2183 704 2238 θύω
730 2185 862 2255 πρὶν
885 2197 1109 2240 κτανεῖν
1129 2181 1434 2254 Εὐρυσθέα

280 2265 588 2336 καθάρσιον
613 2273 752 2340 πῦρ,
780 2270 872 2323 καὶ
896 2269 1101 2333 πόνους
1133 2273 1361 2332 διπλοῦς
1385 2273 1486 2337 ἔχω

280 2349 402 2416 ἐξὸν
426 2357 551 2421 μιᾶς
573 2374 665 2422 μοι
688 2351 868 2422 χειρὸς
893 2346 959 2408 εῦ
981 2355 1189 2409 θέσθαι
1212 2352 1370 2417 τάδε;

282 2432 415 2490 ὅταν
440 2433 494 2490 δ’
522 2437 727 2507 ἐνέγκω
753 2441 921 2508 δεῦρο
948 2434 1104 2507 κρᾶτ’
1130 2434 1491 2508 Εὐρυσθέως,

279 2521 368 2574 ἐπὶ
390 2532 530 2575 τοῖσι
554 2526 663 2576 νῦν
686 2527 962 2577 θανοῦσιν
983 2520 1156 2593 ἁγνιῶ
1180 2524 1356 2593 χέρας.
1657 2533 1742 2577 940

279 2607 482 2674 ἐκχεῖτε
507 2605 708 2676 πηγάς,
736 2603 947 2677 ῥίπτετ’
972 2610 1030 2662 ἐκ
1053 2612 1255 2677 χειρῶν
1278 2611 1435 2662 κανᾶ.

276 2693 358 2752 τίς
381 2711 473 2758 μοι
497 2693 694 2745 δίδωσι
717 2691 875 2757 τάξας
900 2696 980 2756 τίς
1004 2688 1057 2747 δ’
1087 2687 1259 2746 ὅπλον
1280 2690 1466 2763 χερός;

275 2771 412 2844 πρὸς
434 2771 529 2838 τὰς
551 2775 828 2846 Μυκήνας
855 2774 963 2847 εἶμι
982 2794 993 2804 ·
1019 2775 1288 2843 λάζυσθαι
1311 2774 1490 2848 χρεων

276 2856 512 2927 μοχλούς
537 2860 788 2925 δικέλλας
810 2857 894 2930 θ’,
921 2857 993 2925 ὡς
1015 2858 1081 2915 τὰ
1105 2860 1434 2916 Κυκλώπων
1458 2856 1643 2931 βάθρα

221 2952 370 2985 uvam.
403 2955 507 2986 vot.
547 2943 580 2986 i.
1402 2940 1468 2990 23
