2022 3126
208 107 308 155 300

207 1196 301 1245 ΙΟ.

209 1873 334 1922 ΛΗ.

814 107 1226 155 ΗΡΑΚΛΕῙΔΑ
1235 106 1258 152 Ι

399 248 546 320 παρά
570 245 624 318 γ’
655 239 718 302 εὖ
744 254 1085 317 φρονοῦσιν;
1786 261 1871 308 370

401 333 592 405 εἰρήνα
613 332 713 403 μὲν
739 334 917 402 ἔμοιγ’
945 330 1190 402 ἀρέσκει·

399 420 489 474 σοὶ
514 416 589 487 δ’,
617 410 660 471 ὦ
685 416 988 488 κακόφρων
1013 413 1164 483 ἄναξ,

400 505 568 574 λέγω·
603 507 653 557 εἰ
677 501 841 557 πόλιν
865 499 1025 573 ἥξεις,

397 586 500 658 οὐχ
526 583 702 651 οὕτως
728 583 762 641 ἃ
786 591 968 651 δοκεῖς
992 582 1265 656 κυρήσεις.

395 669 461 729 ού
488 674 575 728 σοὶ
599 671 751 746 μόνῳ
776 678 930 742 ἔγχος
955 667 1080 726 οὐδ’
1788 683 1871 729 375

393 759 508 813 ἰτέα
531 756 867 827 κατάχαλκός
892 759 1055 812 ἐστιν.

397 839 519 898 ἄλλ’
554 838 650 912 ού,
679 844 934 913 πολέμων
960 839 1174 910 ἐραστα,

396 928 502 1029 μη
496 951 586 983 αοι
610 928 734 998 δορὶ
757 925 1103 998 συνταράξῃς

395 1011 497 1068 τὰν
523 1014 586 1068 εὐ
611 1018 851 1083 χαρίτων
876 1017 1114 1081 ἔχουσαν

396 1098 586 1167 πόλιν,
617 1093 738 1151 ἀλλ’
766 1094 1024 1166 ἀνάσχου.
1788 1108 1873 1151 380

396 1175 439 1238 ὠ
464 1195 587 1250 παῖ,
614 1187 673 1236 τί
696 1205 788 1251 μοι
812 1181 1081 1236 σύννοιαν
1105 1177 1343 1251 ὄμμασιν
1368 1182 1557 1284 φέρων

395 1265 573 1339 ἤκεις;
600 1268 731 1321 νέον
758 1289 808 1319 τι
833 1271 1111 1335 πολεμίων
1129 1268 1303 1334 λέγεις
1326 1267 1480 1334 πέρι;

395 1355 694 1424 μέλλουσιν
718 1346 753 1421 ἢ
782 1349 1038 1421 πάρεισιν
1063 1345 1098 1420 ἢ
1121 1357 1177 1405 τί
1199 1349 1511 1414 πυνθάνεις

395 1434 461 1493 ού
488 1437 591 1508 γάρ
618 1460 668 1490 τι
692 1434 765 1506 μὴ
790 1435 970 1508 ψεύσῃ
995 1453 1057 1489 σε
1081 1434 1323 1507 κήρυκος
1344 1434 1529 1505 λόγος·

398 1520 426 1578 ὁ
453 1522 558 1593 γὰρ
585 1518 885 1591 στρατηγὸς
913 1517 1146 1590 εὐτυχὴς
1171 1518 1236 1575 τὰ
1261 1519 1513 1589 πρόσθεν
1539 1515 1616 1574 ὦν
1789 1532 1871 1575 385

397 1607 564 1677 εἶσιν,
592 1605 729 1677 σάφ’
757 1605 908 1676 οἶδα,
936 1606 1029 1660 καὶ
1056 1603 1183 1676 μάλ’
1212 1602 1280 1660 ού
1305 1603 1538 1676 σμικρὸν
1563 1609 1788 1675 φρονῶν

400 1698 476 1756 εἰς
499 1691 593 1756 τὰς
614 1689 867 1762 Ἀθήνας.
896 1687 1034 1745 ἄλλα
1058 1696 1170 1745 τῶν
1196 1690 1569 1761 φρονημάτων

397 1775 424 1833 ὁ
450 1776 592 1841 Ζεὺς
615 1774 883 1846 κολαστὴς
906 1781 1018 1830 τῶν
1043 1772 1185 1846 ἄγαν
1210 1772 1603 1845 ὑπερφρόνων.

403 1859 523 1933 ἥκει
548 1857 840 1931 στράτευμ’
866 1857 1118 1931 Ἀργεϊον
1140 1857 1480 1930 Εὐρυσθεύς
1503 1857 1553 1913 τ>
1581 1857 1714 1924 ἅναξ
1731 1876 1741 1886 ·

402 1947 510 2018 ε’γω’
535 1970 626 2001 νιν
651 1943 818 2009 αὐτὸς
844 1944 1011 2000 εἶδον.
1045 1942 1222 2015 ἄνδρα
1247 1942 1350 2014 γὰρ
1375 1943 1571 2014 χρεών,
1789 1955 1873 1999 390

397 2028 546 2096 ὅστις
569 2043 895 2101 στρατηγεῖν
920 2027 1054 2100 φησ’
1087 2033 1416 2085 ἐπίστασθαι
1440 2035 1635 2097 καλῶς,

395 2140 499 2172 ουκ
524 2113 805 2186 ἀγγέλοισι
832 2137 960 2179 τους
985 2118 1271 2179 ἐναντίους
1295 2111 1449 2184 ὁρᾶν.

396 2206 560 2257 πεδία
584 2224 685 2301 μεν
708 2200 812 2254 οὐν
835 2205 933 2269 γῆς
961 2204 1037 2263 εἰς
1061 2196 1182 2255 ταδ’
1213 2195 1317 2254 ούκ
1341 2200 1516 2269 ἐφῆκέ
1536 2220 1620 2253 πω

398 2286 659 2356 στρατόν
687 2289 920 2339 λεπαιάν
946 2281 996 2338 δ’
1027 2281 1250 2355 ὀφρύην
1275 2283 1589 2354 καθήμενος

401 2383 618 2438 σκοπεῖ,
648 2369 879 2439 δόκησιν
903 2367 970 2439 δὴ
997 2367 1114 2424 τόδ’
1145 2365 1214 2423 ἂν
1238 2371 1457 2439 λέγοιμί
1476 2385 1579 2437 σοι,
1788 2379 1871 2423 395

400 2461 532 2528 ποία
557 2454 816 2525 προσάξει
841 2453 1214 2523 στρατόπεδόν
1237 2451 1284 2507 τ’
1316 2450 1452 2508 ἄνευ
1479 2451 1641 2522 δορὸς

400 2542 460 2594 ἐν
485 2537 725 2611 ἀσφαλεῖ
750 2561 807 2594 τε
831 2535 985 2609 τῆσδ’
1015 2538 1298 2608 ἱδρύσεται
1320 2537 1539 2608 χθονός.

400 2626 492 2679 καὶ
517 2623 657 2694 τάμὰ
702 2616 806 2688 μὲν
852 2633 876 2662 *
895 2619 1058 2678 πάντ’
1088 2621 1250 2693 ἄραρ’
1278 2619 1383 2693 ἤδη
1409 2627 1616 2686 καλῶς·

401 2707 558 2773 πόλις
583 2706 631 2762 τ’
662 2712 721 2764 ἐν
751 2705 940 2772 ὅπλοις
963 2708 1171 2779 σφάγιά
1196 2704 1257 2761 θ’
1291 2704 1660 2778 ἡτοιμασμένα

402 2794 630 2864 ἕστηκεν
654 2789 733 2858 οἷς
756 2790 857 2863 χρὴ
883 2798 1054 2847 ταῦτα
1077 2795 1374 2864 τέμνεσθαι
1398 2796 1568 2860 θεῶν,
1788 2804 1870 2846 400

401 2885 764 2948 θυηπολεῖται
791 2881 823 2931 δ
833 2873 845 2894 '
881 2874 1016 2931 ἄστυ
1045 2877 1294 2944 μάντεων
1318 2873 1445 2941 ὕπο,
