2022 3126
39 385 146 436 AI,

43 641 148 689 ΟΡ.

36 1064 137 1115 ΔΙ.

33 1236 158 1291 ΗΛ.

41 1573 146 1622 ΟΡ.

38 1744 136 1793 ΔΙ.

40 2083 146 2131 ΟΡ.

38 2167 156 2216 ΗΛ.

41 2253 146 2301 ΟΡ.

37 2337 158 2386 ΗΛ.

39 2507 144 2555 ΟΡ.

34 2591 156 2641 ΗΛ.

39 2677 85 2725 Ο
97 2677 145 2725 P.

38 2846 135 2895 ΔΙ.

714 65 1043 112 ΗΛΕΚΤΡΛ

229 212 343 263 τῶν
369 212 483 262 σῶν
509 202 686 270 εὐθὺς
713 210 963 276 φίλτρων
985 206 1244 276 στέρομαι

228 293 322 348 καὶ
345 288 397 347 σ’
426 287 707 355 ἀπολείψω
731 295 834 345 σοῦ
859 288 1196 360 λειπόμενος,

228 376 387 442 πόσις
413 372 525 432 ἔστ’
555 372 696 446 αὐτῇ
719 376 813 429 καὶ
838 373 1032 445 δόμος·
1061 371 1164 445 οὐχ
1185 370 1282 443 ἥδ’

229 459 419 533 οἰκτρὰ
445 461 758 530 πέπονθεν,
784 460 930 530 πλὴν
953 455 1038 514 ὅτι
1062 465 1235 516 λείπει

230 546 394 603 πόλιν
411 543 692 617 Ἀργείων.

231 633 324 687 καὶ
347 637 493 696 τίνες
516 627 676 686 ἄλλαι
701 630 960 700 στοναχαὶ
982 633 1195 699 μείζους,

150 761 152 763 ·
228 713 263 787 ἦ
286 723 385 788 γῆς
410 714 666 790 πατρῴας
691 712 826 786 ὅρον
852 717 1155 781 ἐκλείπεινς

230 799 352 856 ἀλλ’
387 799 493 872 ἐγώ
521 809 692 856 οἴκων
715 802 884 871 ἔξειμι
907 797 1114 872 πατρὸς

226 888 318 942 καὶ
342 882 428 942 ἐπ’
456 882 768 957 ἀλλοτρίαις
792 883 1027 956 ψήφοισι
1050 883 1229 956 φόνον

227 969 430 1043 μητρὸς
453 966 657 1041 ὑφέξω.

226 1056 428 1127 θάρσει
444 1073 455 1083 ·
480 1054 774 1120 Παλλάδος

230 1138 389 1197 ὁσίαν
410 1136 556 1211 ἥξεις
580 1140 769 1195 πόλιν·
796 1136 918 1195 ἀλλ’
947 1136 1165 1210 ἀνέχου.

230 1231 364 1297 περί
386 1248 480 1297 μοι
504 1226 751 1296 στέρνοις
775 1225 974 1297 στέρνα
1002 1225 1314 1296 πρόσαψον,

228 1310 469 1382 σύγγονε
494 1315 721 1380 φίλτατε
738 1329 748 1338 ·

228 1395 320 1451 διὰ
344 1394 448 1466 γὰρ
475 1392 736 1465 ζευγνῦσ’
763 1391 904 1466 ἡμᾶς
929 1394 1202 1469 πατρῴων

227 1480 528 1552 μελάθρων
553 1478 756 1552 μητρὸς
781 1479 970 1547 φόνιοι
994 1475 1237 1551 κατάραι.

231 1565 391 1637 βάλε,
422 1564 775 1637 πρόσπτυξον
797 1570 981 1636 σῶμα·
1015 1563 1298 1630 θανόντος
1322 1565 1373 1616 δ’

230 1648 303 1715 ὡς
327 1651 416 1706 ἐπὶ
439 1649 630 1724 τύμβῳ
654 1649 1102 1721 καταθρήνησον.

228 1741 338 1808 φεῦ
364 1740 502 1807 φεῦ·
530 1733 721 1790 δεινὸν
746 1731 863 1790 τόδ’
892 1733 1147 1806 ἐγηρύσω

229 1821 323 1876 καὶ
345 1829 530 1875 θεοῖσι
560 1818 771 1874 κλύειν.

225 1911 308 1962 ἔνι
332 1904 437 1977 γὰρ
464 1903 629 1976 κάμοὶ
651 1918 765 1968 τοῖς
794 1901 845 1960 τ’
874 1901 1200 1972 οὐρανίδαις

229 1991 402 2047 οἶκτοι
425 1995 654 2062 θνητῶν
678 1990 1070 2063 πολυμόχθων.

229 2072 415 2131 οὐκέτι
442 2071 491 2130 σ’
522 2072 744 2146 ὄψομαι.

227 2157 353 2216 οὐδ’
388 2158 494 2231 ἐγὼ
523 2165 599 2224 εἰς
622 2158 724 2215 σὸν
747 2161 1034 2233 βλέφαρον
1057 2159 1292 2216 πελάσω.

228 2245 359 2301 τάδε
383 2243 609 2300 λοίσθιά
631 2267 725 2315 μοι
748 2244 1189 2317 προσφθέγματά
1211 2262 1331 2301 σου.

230 2323 274 2386 ὦ
297 2342 478 2401 χαῖρε,
511 2328 692 2393 πόλις·

226 2421 443 2487 χαίρετε
467 2411 520 2470 δ’
549 2410 706 2484 ὑμεῖς
730 2415 923 2485 πολλά,
951 2419 1246 2479 πολίτιδες.

224 2493 268 2555 ὦ
290 2499 611 2570 πιστοτάτη,
636 2505 864 2571 στείχεις
888 2497 1024 2571 ἤδη;

225 2591 419 2655 στείχω
444 2586 729 2657 βλέφαρον
752 2581 1009 2656 τέγγουσ’
1038 2581 1267 2640 ἁπαλόν.

226 2669 490 2740 Πυλάδη,
515 2675 725 2740 χαίρων
749 2677 862 2740 ἴθι,
888 2667 1184 2741 νυμφεύου

230 2756 397 2825 δέμας
422 2751 729 2826 Ἠλέκτρας.

224 2843 408 2895 τοῖσδε
430 2837 654 2910 μελήσει
677 2837 873 2910 γάμος·
902 2835 1039 2893 ἀλλὰ
1063 2837 1236 2905 κύνας

1603 67 1707 120 283

1590 303 1700 346 1310

1589 726 1701 769 1315

1588 1149 1703 1194 1320

1592 1574 1701 1617 1325

1593 2002 1701 2045 1330

1590 2427 1698 2470 1335

1587 2679 1700 2725 1340
