2022 3126
107 260 234 309 AM.

110 512 218 560 XO.

481 112 820 158 ΗΡΑΚΛΗΣ
850 112 962 157 MA
967 111 1046 158 IN
1051 111 1262 157 OMEN
1265 110 1356 156 ΟΣ
1654 104 1751 155 357

288 258 555 322 Καδμεῖοι
579 254 859 322 γέροντες,
897 248 964 306 οὗ
991 263 1116 320 σῖγα
1141 262 1228 304 σῖ-

292 361 361 407 γα
385 335 483 392 τὸν
506 333 666 410 ὕπνῳ
692 336 1026 405 παρειμένον
1051 331 1226 389 ἐάσετ’
1256 337 1348 389 ε’κ-

289 423 565 476 λαθέσθαι
589 425 776 475 κακῶν
795 445 809 485 ;

288 503 424 560 κατὰ
449 505 508 560 σε
533 504 796 576 δακρύοις
821 504 1021 572 στένω,
1049 504 1289 574 πρέσβυ,
1315 503 1408 557 καὶ
1648 514 1756 556 1045

287 592 444 645 τέκεα
468 590 559 644 καὶ
583 587 641 644 τὸ
671 593 991 643 καλλίνικον
1016 587 1172 657 κάρα.

109 681 237 729 AM.
278 677 550 745 ἑκαστέρω
583 676 850 744 πρόβατε,
880 673 952 741 μὴ

107 1018 216 1066 XO.

105 1271 235 1319 AM.

104 1525 218 1574 XO.

103 1609 234 1658 AM.

104 1694 218 1742 XO.

102 2032 218 2081 XO.

102 2116 219 2165 XO.

103 2201 220 2249 XO.

105 2286 220 2334 XO.

106 2539 218 2587 XO.

78 2691 81 2693 Β
108 2623 236 2672 AM.

288 770 571 826 κτυπεῖτε,
601 755 672 828 μὴ
700 763 893 828 βοᾶτε,
918 755 990 827 μὴ

292 843 390 898 τὸν
416 834 479 897 εὖ
503 839 552 896 τ’
581 838 797 897 ἰαύονθ’

289 924 552 982 ὑπνώδεά
574 925 621 981 τ’
654 923 818 990 εὐνᾶς
844 928 1096 996 ἐγείρετε.
1651 938 1760 979 1050

287 1020 449 1082 οἴμοι.

290 1096 461 1167 φόνος
484 1093 610 1159 ὅσος
634 1091 722 1150 δ’δ’
783 1102 918 1150 AM.
948 1086 980 1147 ἆ
1006 1086 1066 1163 ά,

289 1180 380 1235 διά
403 1177 460 1250 μ’
487 1178 679 1235 ὀλεῖτε.
738 1186 856 1234 ΧΟ.
881 1180 1179 1249 κεχυμένος
1208 1179 1540 1233 ἐπαντέλλει.

292 1262 395 1320 οὐκ
422 1262 686 1336 ἀτρεμαῖα
709 1270 926 1335 θρῆνον
949 1259 1172 1332 αἰάξετ’,
1199 1254 1241 1316 ὦ
1264 1263 1547 1333 γέροντες;

289 1348 361 1420 μὴ
377 1346 520 1420 δέσμ’
540 1347 959 1420 ἀνεγειρόμενος
973 1343 1430 1418 χαλάσας[άπολεῖ
1442 1345 1565 1399 πόλι
1574 1354 1640 1414 ν,]
1653 1359 1758 1401 1055

291 1432 397 1489 άπὸ
424 1433 485 1489 δὲ
508 1435 714 1504 πατέρα
737 1433 989 1504 μέλαθρά
1012 1455 1070 1487 τε
1093 1431 1420 1503 καταρρήξῃ.

289 1515 521 1574 ἀδύνατ’
549 1515 799 1574 ἀδύνατά
820 1541 927 1589 μοι.

289 1615 440 1673 σῖγα,
473 1601 646 1667 πνοὰς
669 1602 832 1674 μάθω
851 1621 862 1632 ·
894 1603 1029 1672 φέρε
1058 1601 1194 1672 πρὸς
1220 1593 1317 1665 οὖς
1341 1601 1507 1672 βάλω.

290 1684 471 1754 εὕδεις
525 1695 660 1743 ΑΜ.
687 1694 808 1757 ναί,
839 1684 991 1742 εὕδει
1652 1698 1760 1740 1060

290 1769 472 1828 ὕπνον
496 1769 677 1828 ὕπνον
699 1769 984 1843 ὀλόμενον,

295 1853 357 1921 ὃς
381 1854 533 1912 ε”καν’
565 1853 792 1928 ἄλοχον,
820 1862 981 1912 ἔκανε
1005 1856 1067 1911 δὲ
1091 1857 1278 1925 τέκεα,
1305 1855 1517 1925 τοξήρει

292 1947 490 2016 ψαλμῷ
515 1942 791 2007 τοξεύσας.

288 2028 510 2093 στέναζέ
530 2050 639 2082 νυν
683 2032 818 2082 AM.
844 2026 1098 2093 στενάζω.
1651 2036 1761 2079 1065

292 2112 503 2166 τέκνων
526 2107 769 2181 ὄλεθρον
823 2117 958 2166 ΑΜ.
1001 2111 1149 2181 ὤμοι.

288 2196 458 2250 σέθεν
482 2217 541 2250 τε
565 2194 776 2260 παιδός.
836 2202 972 2251 AM.
999 2201 1130 2250 αἰαῖ.

290 2271 341 2334 ὦ
358 2281 572 2351 πρέσβυ
628 2286 763 2334 AM.
790 2292 917 2350 σῖγα
941 2292 1094 2350 σῖγα·

294 2369 661 2434 παλίντροπος
685 2364 1088 2435 ἐξεγειρόμενος
1109 2363 1400 2434 στρέφεται
1415 2379 1426 2389 ·
1460 2357 1591 2431 φέρ’

294 2448 624 2519 ἀπόκρυφον
649 2450 813 2520 δέμας
839 2445 947 2504 ὑπὸ
974 2450 1255 2519 μέλαθρον
1279 2444 1494 2516 κρύψω.
1650 2459 1760 2502 1070

288 2533 487 2602 θάρσει
503 2551 514 2561 ·
540 2530 642 2598 νὺξ
668 2538 776 2603 ἔχει
799 2535 1051 2603 βλέφαρα
1078 2532 1235 2586 παιδὶ
1258 2535 1352 2604 σῷ.

289 2613 455 2686 ὁρᾶθ’
484 2614 663 2689 ὁρᾶτε.

292 2699 352 2757 τὸ
380 2701 518 2771 φάος
541 2704 784 2757 ἐκλιπεῖν
808 2703 897 2757 ἐπὶ
920 2713 1169 2756 κακοῖσιν
1196 2698 1262 2754 οὐ

296 2785 487 2856 φεύγω
511 2785 676 2850 τάλας
693 2829 707 2856 ,
736 2782 857 2840 ἀλλ’
888 2793 943 2841 εἴ
959 2808 1026 2856 με
1048 2795 1211 2840 κανεῖ
1230 2780 1419 2853 πατέρ’
1448 2779 1600 2852 ὄντα,

297 2871 434 2938 πρὸς
459 2870 519 2925 δὲ
542 2882 728 2935 κακοῖς
752 2868 894 2924 κακὰ
918 2870 1146 2940 μήσεται
1647 2880 1759 2923 1075
