2022 3126
206 1077 322 1128 ΘΗ.

203 1501 301 1550 ΙΠ.

203 1838 321 1888 ΘΗ.

199 2431 296 2480 ΙΠ.

200 2766 314 2816 ΘΗ.

806 91 1229 137 ΙΠΠΟΛΥΤΟΣ

394 230 618 300 νεκρόν·
655 235 914 300 μεγίστου
941 229 1224 300 θαύματος
1249 226 1368 284 τόδ’
1396 227 1572 297 ἄξιον·

401 311 471 384 ἢν
495 311 693 385 ἀρτίως
718 320 963 383 ἔλειπον,
988 310 1026 384 ἢ
1049 310 1188 384 φάος
1211 312 1338 368 τόδε

395 395 549 453 οῧπω
574 398 775 469 χρόνον
800 397 1036 453 παλαιὸν
1060 399 1414 468 εἰσεδέρκετο.

396 489 453 537 τί
478 488 658 554 χρῆμα
681 483 902 552 πάσχεις
927 488 1001 555 τῷ
1027 482 1211 556 τρόπῳ
1239 482 1551 548 διόλλυται;

395 567 562 638 πάτερ
579 610 593 637 ,
621 569 906 622 πυθέσθαι
931 565 1202 637 βούλομαι
1226 568 1395 621 σέθεν
1418 566 1580 638 πάρα.
1776 582 1859 626 910

394 657 576 724 σιγᾷςς
601 657 809 723 σιωπῆς
833 648 886 705 δ’
918 648 1084 706 οὐδὲν
1110 657 1274 721 ἔργον
1299 654 1359 705 ἐν
1383 663 1595 715 κακοῖς·

389 732 422 806 ἡ
447 734 550 806 γὰρ
577 741 832 791 ποθοῦσα
857 735 1033 790 πάντα
1059 740 1261 805 καρδία
1287 734 1480 790 κλύειν

391 817 497 874 κᾶν
524 832 636 884 τοῖς
663 833 880 876 κακοῖσι
902 826 1084 890 λίχνος
1108 811 1233 875 οὖσ’
1262 817 1556 876 ἁλίσκεται.

396 902 462 959 οῦ
491 902 600 1004 μὴν
627 911 825 975 φίλους
849 928 911 975 γε
936 928 1059 959 κατι
1082 910 1293 975 μᾶλλον
1317 900 1352 974 ἢ
1377 909 1573 974 φίλους

395 989 661 1059 κρύπτειν
688 994 907 1045 δίκαιον
932 1008 1028 1053 σας
1053 990 1221 1059 πάτερ
1249 992 1602 1060 δυσπραξίας.
1776 1003 1858 1047 915

395 1096 435 1128 ω
466 1071 624 1128 πόλλ’
656 1071 1060 1144 ἁμαρτανοντες
1085 1071 1377 1142 ἅνθρωποι
1399 1074 1593 1144 μάτην,

391 1163 448 1212 τί
468 1156 535 1228 δὴ
560 1160 780 1228 τέχνας
775 1180 873 1212 ιιεν
901 1164 1102 1228 μυρίας
1128 1157 1414 1213 διδασκετε

390 1244 483 1296 καὶ
505 1242 681 1297 πάντα
704 1248 1026 1313 μηχανᾶσθε
1051 1239 1452 1313 κᾶξευρίσκετε,

396 1323 457 1381 ἓν
481 1325 533 1381 δ’
563 1325 665 1382 οὐκ
691 1324 982 1382 ἐπίστασθ’
1013 1323 1137 1382 οὐδ
1167 1326 1526 1404 ἐθηράσασθέ
1549 1350 1650 1397 πω,

396 1425 627 1481 φρονεῖν
654 1412 937 1467 διδασκειν
961 1407 1105 1466 οἷσιν
1132 1433 1236 1465 ουκ
1262 1416 1440 1466 ἔνεστι
1467 1418 1629 1477 νοῦς;
1774 1425 1859 1469 920

393 1495 579 1551 δεινὸν
604 1499 877 1567 σοφιστὴν
906 1495 1084 1566 εἶπας,
1112 1492 1259 1561 ὅστις
1284 1488 1349 1551 εὖ
1375 1509 1607 1566 φρονεῖν

391 1579 519 1645 τοὺς
543 1579 616 1652 μὴ
645 1586 993 1652 φρονοῦντας
1018 1580 1255 1645 δυνατός
1279 1577 1388 1636 ἐστ’
1417 1577 1738 1651 ἀναγκάσαι.

392 1662 512 1720 ἀλλ’
541 1663 608 1720 οὐ
636 1665 740 1736 γὰρ
766 1668 827 1722 ἐν
852 1667 1031 1721 δέοντι
1056 1673 1438 1736 λεπτουργεῖς,
1465 1665 1655 1736 πάτερ,

391 1751 613 1805 δέδοικα
636 1750 711 1821 μή
734 1768 834 1805 σου
857 1747 1063 1821 γλῶσσ’
1094 1746 1378 1822 ὑπερβάλῃ
1402 1763 1605 1814 κακοῖς.

393 1841 529 1904 φεῦ,
560 1840 698 1906 χρῆν
721 1841 967 1906 βροτοῖσι
990 1841 1102 1890 τῶν
1128 1840 1310 1905 φίλων
1336 1833 1633 1905 τεκμήριον
1770 1847 1854 1892 925

391 1921 564 1990 σαφές
588 1943 637 1974 τι
661 1929 882 1974 κεῖσθαι
912 1921 1004 1975 καὶ
1029 1920 1333 1991 διάγνωσιν
1359 1925 1602 1990 φρενῶν,

388 1999 534 2066 ὅστις
564 2002 612 2057 τ’
643 2000 854 2074 ἀληθής
879 2007 1026 2059 ἐστιν
1054 2001 1113 2069 ὅς
1137 2028 1195 2059 τε
1218 2003 1291 2074 μὴ
1317 2009 1502 2074 φίλος·

389 2086 577 2151 δισσάς
601 2111 657 2142 τε
688 2087 877 2158 φωνὰς
902 2088 1107 2153 πάντας
1130 2087 1466 2159 ἀνθρώπους
1493 2094 1651 2158 ἔχειν,

386 2172 486 2242 τὴν
510 2172 609 2242 μὲν
637 2177 885 2242 δικαίαν,
912 2171 1012 2242 τὴν
1037 2177 1069 2227 δ
1075 2170 1087 2190 ’
1117 2170 1262 2236 ὅπως
1287 2173 1603 2243 ἐτύγχανεν,

391 2280 461 2320 ως
487 2253 519 2326 ἡ
546 2262 834 2327 φρονοῦσα
858 2254 1041 2312 τᾶδικ’
1069 2259 1380 2328 ἐξηλέγχετο
1768 2271 1853 2316 930

385 2340 522 2411 πρὸς
545 2347 638 2412 τῆς
664 2346 905 2411 δικαίας,
933 2339 1070 2397 κούκ
1103 2339 1171 2396 ἂν
1196 2339 1550 2412 ἠπατώμεθα.

387 2421 508 2480 ἀλλ’
537 2427 569 2495 ἠ
595 2450 676 2491 τις
700 2431 774 2490 εἰς
802 2425 903 2480 σὸν
931 2418 1028 2490 οὖς
1053 2450 1119 2497 με
1144 2425 1472 2497 διαβαλῶν
1452 2432 1560 2496 ε’χει

392 2516 600 2580 φίλων,
625 2516 901 2581 νοσοῦμεν
925 2508 978 2565 δ’
1006 2508 1215 2566 οῦδεν’
1198 2510 1352 2574 όντες
1376 2519 1564 2575 αι”τιοις

386 2602 446 2650 ἐκ
470 2617 553 2649 τοι
576 2597 914 2665 πέπληγμαι·
944 2596 1031 2650 σοὶ
1056 2594 1159 2666 γὰρ
1188 2595 1560 2666 ἐκπλήσσουσί
1582 2617 1648 2665 με

387 2678 542 2749 λόγοι
568 2679 1042 2750 παραλλάσσοντες
1068 2682 1278 2750 ἔξεδροι
1305 2685 1545 2751 φρενῶν.
1766 2691 1850 2736 935

383 2768 493 2832 φεῦ
518 2769 611 2833 τῆς
636 2769 888 2834 βροτείας
913 2768 1034 2831 (ποῖ
1053 2764 1386 2836 προβήσεται
1403 2768 1440 2831 ;>
1469 2763 1671 2834 φρενός
1687 2781 1698 2792 ·

383 2852 442 2901 τί
458 2848 624 2918 τέρμα
648 2847 845 2918 τόλμης
869 2850 960 2902 καὶ
983 2849 1229 2918 θράσους
1254 2847 1568 2919 γενήσεται;
