2022 3126
97 264 207 313 ΗΡ.

93 350 209 398 ΧΟ.

92 433 205 481 ΗΡ.

95 518 206 566 XO.

89 602 203 650 ΗΡ.

91 687 205 734 XO.

88 770 202 818 ΗΡ.

86 855 204 903 XO.

85 940 200 988 ΗΡ.

86 1024 202 1072 ΧΟ.

84 1109 198 1157 ΗΡ.

87 1195 200 1242 XO.

83 1279 196 1327 ΗΡ.

82 1364 199 1412 XO.

82 1449 195 1496 ΗΡ.

82 1533 196 1581 ΧΟ.

83 1617 193 1666 ΗΡ.

77 2297 191 2346 ΧΟ.

77 2468 197 2515 ΑΔ.

77 2550 190 2599 ΗΡ.

77 2636 196 2683 ΑΛ.

80 2719 189 2767 HP.

82 2805 196 2852 AA.

79 2887 188 2936 ΗΡ.

753 120 1124 166 ΑΛΚΗΣΤΙΣ

279 257 493 332 Θρῃκὸς
515 257 788 327 τέτρωρον
812 253 956 326 ἅρμα
979 258 1298 328 Διομήδους
1322 261 1471 330 μέτα.

278 350 391 408 πῶς
414 334 518 398 οὖν
549 340 807 411 δυνήσει;
833 346 954 411 μῶν
980 338 1205 411 ἄπειρος
1231 342 1280 397 εἶ
1303 345 1494 411 ξένου;

275 425 521 497 ἄπειρος·
547 421 701 480 οὔπω
725 425 1008 480 Βιστόνων
1034 419 1211 496 ἦλθον
1233 428 1427 497 χθόνα.

276 507 377 566 οὐκ
404 516 550 566 ἔστιν
574 513 759 565 ἵππων
784 509 1046 566 δεσπόσαι
1072 508 1122 566 σ’
1151 509 1287 567 ἄνευ
1312 513 1498 585 μάχης.

275 593 385 651 ἀλλ’
414 591 538 650 οὐδ’
566 591 823 650 ἀπειπεῖν
847 607 960 659 τοῖς
988 593 1179 660 πόνοις
1204 593 1324 652 οἷόν
1348 595 1386 653 τ’
1416 601 1552 670 ἐμοί.

274 683 492 735 κτανών
517 676 596 748 ἄρ’
632 677 776 750 ἥξεις
801 676 835 750 ἢ
858 679 1054 735 θανών
1078 679 1254 737 αὐτοῦ
1277 696 1477 753 μενεῖς.

274 762 341 819 οὐ
367 762 517 821 τόνδ’
547 762 736 835 ἀγῶνα
760 771 980 835 πρῶτον
1007 760 1076 820 ἂν
1101 763 1353 838 δράμοιμ’
1381 768 1504 839 ἐγώ.

275 874 326 904 τι
352 847 407 904 δ’
435 845 504 904 ἂν
529 849 802 921 κρατήσας
827 849 1100 921 δεσπότην
1124 854 1292 907 πλέον
1317 852 1537 924 λάβοις;

269 935 485 999 πώλους
509 931 694 1001 ἀπάξω
721 934 963 1009 κοιράνςο
995 941 1300 1012 Τιρυνθίῳ.

273 1016 376 1074 οὐκ
404 1016 640 1090 εὐμαρὲς
662 1018 890 1090 χαλινὸν
916 1023 1174 1090 ἐμβαλεῖν
1199 1023 1446 1093 γνάθοις.

271 1109 321 1159 εἰ
340 1104 413 1175 μή
437 1127 499 1174 γε
525 1110 636 1175 πῦρ
664 1106 894 1161 πνέουσι
917 1107 1215 1177 μυκτήρων
1240 1104 1362 1164 ἄπο.

270 1186 388 1243 ἀλλ’
419 1186 624 1259 ἄνδρας
649 1187 957 1260 ἆρταμοῦσι
983 1197 1279 1265 λαιψηραῖς
1304 1193 1549 1265 γνάθοις.

265 1280 462 1345 θηρῶν
488 1272 690 1345 ὀρείων
716 1274 940 1345 χόρτον,
969 1273 1071 1346 οὐχ
1096 1281 1281 1333 ἵππων
1306 1280 1498 1350 λέγεις.

270 1359 480 1428 φάτνας
505 1364 644 1425 ἴδοις
668 1356 737 1415 ἂν
761 1365 987 1432 αἴμασιν
1014 1365 1389 1434 πεφ-υρμένας.

267 1449 414 1508 τίνος
441 1442 494 1499 δ’
523 1442 550 1499 ὁ
575 1447 790 1515 θρέψας
811 1458 938 1510 παῖς
963 1446 1167 1517 πατρὸς
1191 1449 1550 1519 κομπάζεται;

252 1524 474 1598 ’Ἀρεος,
502 1529 775 1600 ζαχρύσου
802 1536 1044 1602 Θρῃκίας
1072 1534 1269 1604 πέλτης
1292 1531 1442 1600 ἅναξ.

263 1616 355 1667 καὶ
381 1613 542 1669 τόνδε
566 1612 776 1685 τούμοῦ
804 1620 1063 1686 δαίμονος
1087 1617 1261 1674 πόνον
1293 1621 1484 1691 λέγεις,

270 1697 504 1769 σκληρὸς
529 1698 632 1769 γὰρ
660 1698 745 1755 ἀεὶ
770 1702 862 1755 καὶ
886 1699 1023 1772 πρὸς
1047 1702 1205 1768 αἶπος
1232 1709 1461 1774 ἔρχεται,

268 1788 320 1838 εἰ
338 1783 439 1856 χρή
463 1807 530 1854 με
555 1787 746 1840 παισὶν
773 1782 1047 1858 οὖς”Αρης
1074 1791 1320 1859 ἐγείνατο

268 1868 447 1939 μάχην
472 1870 744 1939 συνάψαι,
779 1876 968 1942 πρῶτα
993 1872 1094 1943 μὲν
1118 1874 1386 1945 Λυκάονι,

267 1945 434 2019 αὖθις
459 1954 520 2010 δὲ·
546 1954 782 2030 Κύκνῳ,
812 1955 973 2012 τόνδε
999 1955 1053 2013 δ’
1084 1964 1307 2031 ἔρχομαι
1333 1969 1519 2031 τρίτον

268 2035 456 2109 ἀγῶνα
483 2040 685 2105 πώλοις
712 2041 949 2114 δεσπότῃ
975 2066 1033 2098 τε
1057 2051 1377 2116 συμβαλών.

264 2121 385 2178 ἀλλ’
414 2121 566 2190 οὔτις
593 2132 741 2181 ἔστιν
769 2123 828 2191 ὃς
853 2126 951 2182 τὸν
970 2125 1272 2202 Ἀλκμήνης
1296 2140 1463 2202 γόνον

261 2211 527 2278 τρέσαντα
552 2222 707 2282 χεῖρα
732 2217 1002 2283 πολεμίαν
1035 2213 1160 2270 ποτ’
1190 2213 1397 2281 ὄψεται.

271 2296 361 2348 καὶ
386 2294 495 2364 μὴν
519 2292 605 2351 ὅδ’
635 2294 802 2361 αὐτὸς
824 2302 988 2368 τῆσδε
1014 2306 1273 2401 κοίρανος
1296 2301 1500 2372 χθονὸς

247 2375 517 2450 ’Ἀδμητος
543 2383 641 2447 ἔξω
668 2381 935 2452 δωμάτων
958 2386 1268 2456 πορεύεται.

267 2459 422 2534 χαῖρ’,
454 2487 494 2519 ω
523 2464 662 2531 Διὸς
685 2479 786 2522 παι
805 2470 1131 2538 Περσέως’
1087 2496 1115 2526 τ
1156 2466 1248 2542 ἀφ’
1275 2477 1517 2544 αἵματος.

248 2543 497 2619 ’Ἀδμητέ
509 2552 602 2606 καὶ
625 2550 695 2607 σὺ
719 2564 901 2622 χαιρε,
930 2560 1228 2612 Θεσσαλῶν
1256 2554 1406 2624 άναξ.

264 2630 471 2704 θέλοιμ’
500 2654 595 2690 αν·
625 2658 834 2692 ευνουν
860 2634 913 2692 δ’
943 2661 1076 2695 οντα
1100 2639 1152 2696 σ’
1180 2645 1544 2714 ἐξεπίσταμαι.

258 2722 316 2771 τί
337 2722 515 2789 χρῆμα
538 2728 715 2794 κουρᾷ
737 2727 870 2794 τῇδε
894 2731 1150 2800 πενθίμω
1178 2729 1429 2798 πρέπεις;

263 2800 500 2858 θάπτειν
523 2802 618 2859 τιν’
647 2808 707 2861 ἐν
730 2804 852 2878 τῇδ’
884 2804 1062 2883 ἡμέρα
1083 2812 1262 2881 μέλλω
1287 2812 1502 2883 νεκρόν.

258 2881 344 2939 ἀπ’
372 2878 475 2941 οὖν
500 2890 708 2944 τέκνων
736 2908 852 2946 σων
874 2893 1129 2964 πημονὴν
1154 2904 1330 2966 εἰργοι
1353 2896 1502 2962 θεός.

1680 124 1740 174 21

1664 446 1745 489 485

1662 869 1742 913 490

1660 1293 1742 1335 495

1658 1721 1739 1762 500

1652 2150 1734 2190 005

1647 2573 1728 2616 510
