2022 3126
230 109 331 159 438
858 107 1279 155 ΙΠΠΟΛΥΤΟΣ

233 260 347 308 ΧΟ.
417 252 630 322 μέλλεις
655 249 716 305 δὲ
741 248 809 319 δή
833 272 883 303 τι
910 252 1050 319 δρᾶν
1076 245 1379 318 ἀνήκεστον
1402 248 1601 311 κακόν;

233 343 380 392 ΦΑΙ.
416 345 638 391 θανεῖν·
665 331 813 398 ὅπως
839 335 904 388 δέ
913 375 927 402 ,
951 328 1103 387 τοῦτ’
1133 329 1238 402 ἐγω
1264 331 1652 402 βουλεύσομαι.

236 429 348 477 ΧΟ.
421 417 667 491 εὔφημος
696 426 833 474 ἴσθι.

234 513 382 562 ΦΑΙ.
844 503 937 557 καὶ
959 501 1029 556 σύ
1054 498 1106 572 γ’
1137 495 1201 556 εὖ
1223 521 1290 570 με
1315 501 1588 556 νουθέτει.

424 587 529 659 ἐγω
556 587 617 643 δὲ
641 587 896 656 Κύπριν,
922 583 1061 657 ἤπερ
1090 584 1345 651 ἐξόλλυσί
1371 607 1456 655 με,

421 678 599 744 ψυχῆς
623 669 1038 741 ἀπαλλαχθεῖσα
1060 666 1183 742 τῇδ’
1213 671 1274 724 ἐν
1299 665 1475 743 ἡμέρᾳ

422 759 631 827 τέρψω·
656 761 859 828 πικροῦ
884 753 938 810 δ’
966 760 1167 826 ἔρωτος
1194 749 1594 825 ἡσσηθήσομαι.

423 840 558 912 ἀτὰρ
587 840 762 896 κακόν
782 862 846 912 γε
868 836 1076 913 χάτέρῳ
1100 837 1400 909 γενήσομαι

424 922 686 996 θανοῦσ’,
713 922 786 981 ἵν’
818 929 937 996 εἰδῇ
961 922 1033 995 μὴ
1054 921 1137 979 ’πὶ
1163 935 1276 987 τοῖς
1301 925 1449 993 ἐμοῖς
1472 935 1659 987 κακοῖς

424 1009 636 1082 ὑψηλὸς
663 1009 827 1065 εἶναι·
854 1014 948 1080 τῆς
970 1008 1141 1064 νόσου
1168 1007 1229 1063 δὲ
1258 1009 1426 1078 τῆσδέ
1446 1030 1537 1078 μοι

425 1100 584 1167 κοινῇ
613 1092 898 1166 μετασχών
922 1105 1238 1164 σωφρονεῖν
1264 1091 1587 1162 μαθήσεται.

243 1187 351 1238 ΧΟ.
422 1178 700 1252 ἠλιβάτοις
724 1175 833 1234 ὑπὸ
856 1183 1145 1247 κευθμῶσι
1170 1182 1452 1247 γενοίμαν,

425 1269 517 1320 ἵνα
542 1286 608 1335 με
638 1268 984 1334 πτεροῦσσαν
1010 1259 1167 1332 ὄρνιν

427 1348 560 1413 θεὸς
586 1351 692 1404 εἰνὶ
717 1359 980 1411 ποταναῖς
1004 1344 1223 1417 ἀγέλαις
1247 1350 1393 1416 θείη.

429 1433 668 1506 ἀρθείην
691 1437 724 1488 δ
734 1429 747 1450 ’
779 1433 869 1487 ἐπὶ
893 1431 1119 1487 πόντιον

427 1524 575 1590 κῦμα
600 1524 693 1583 τᾶς
717 1514 1008 1588 Ἀδριηνᾶς

429 1602 595 1668 ἀκτᾶς
616 1600 917 1673 Ἠριδανοῦ
944 1597 1003 1655 θ’
1033 1597 1186 1671 ὕδωρ
1203 1618 1213 1628 ·

432 1695 572 1744 ἔνθα
596 1686 920 1758 πορφύρεον
947 1681 1310 1740 σταλάσσουσ’

431 1778 507 1837 εἰς
532 1771 694 1843 οἶδμα
719 1769 923 1842 πατρὸς
950 1766 1203 1825 τάλαιναι

432 1858 592 1929 κόραι
617 1858 935 1919 Φαέθοντος
961 1862 1125 1928 οἴκτῳ
1152 1853 1414 1925 δακρύων

432 1941 526 2007 τὰς
556 1939 954 2012 ἠλεκτροφαεῖς
979 1936 1172 2010 αὐγάς.

428 2025 765 2096 Ἑσπερίδων
791 2029 823 2080 δ
831 2021 842 2041 ’
873 2025 962 2079 ἐπὶ
984 2023 1336 2094 μηλόσπορον
1362 2018 1532 2075 ἀκτὰν

434 2110 700 2181 ἀνύσαιμι
723 2114 824 2164 τᾶν
852 2105 1077 2177 ἀοιδῶν,

436 2193 510 2251 ἵν’
540 2192 567 2249 ὁ
595 2194 951 2264 ποντομέδων
977 2193 1298 2264 πορφυρέας
1323 2196 1517 2261 λίμνας

436 2279 665 2344 ναύταις
690 2273 885 2334 οὐκέθ’
919 2273 1052 2332 ὁδὸν
1073 2278 1245 2347 νέμει,

437 2362 642 2435 σεμνὸν
665 2365 904 2434 τέρμονα
928 2368 1104 2416 ναίων

439 2447 714 2519 οὐρανοῦ,
743 2446 840 2502 τὸν
855 2443 1054 2511 ’Ἀτλας
1083 2451 1207 2515 ἔχει,

435 2538 642 2604 κρῆναί
659 2530 706 2588 τ’
737 2529 1034 2603 ἀμβρόσιαι
1056 2532 1272 2602 χέονται

439 2616 615 2681 Ζανὸς
639 2616 937 2687 μελάθρων
962 2621 1275 2685 παροίκοις,

438 2701 512 2758 ἵν’
544 2701 578 2757 ἆ
614 2702 883 2773 βιόδωρος
912 2698 1069 2768 αὔξει
1093 2701 1261 2767 ζαθέα

442 2785 598 2859 χθων
626 2783 990 2855 εὐδαιμονίαν
1016 2794 1185 2848 θεοῖς.

775 2882 857 2924 '⁷32
873 2903 931 2909 -
948 2882 1027 2925 741
1059 2895 1126 2915 Ξ
1150 2880 1231 2924 742
1249 2900 1309 2909 ·-·
1324 2878 1402 2923 751

1682 1197 1796 1246 στρ.

1704 2017 1819 2076 ἀντ.

1810 598 1891 642 725

1813 1019 1895 1064 730

1816 1444 1899 1488 735

1819 1862 1903 1907 740

1824 2283 1906 2330 745

1829 2705 1912 2752 75⁰
