2022 3126
283 118 384 168 242
945 119 1273 166 HAEKTPA

476 255 876 331 Ἀγαμέμνονος
904 254 1208 329 ποινάτορ’,
1238 254 1423 330 εἶργεν
1447 262 1507 315 ἐν
1534 261 1723 331 δόμοις

477 351 748 415 Αἴγισθος
775 339 900 398 οὐδ’
929 340 1126 414 ἥρμοζε
1149 349 1376 417 νυμφίω
1400 350 1526 399 τινί.

478 430 595 484 ἐπεὶ
621 427 683 483 δε
707 428 798 482 καὶ
825 425 977 483 τοῦτ’
1011 428 1081 532 ῆν
1106 426 1287 498 φόβου
1311 435 1521 484 πολλοῦ
1547 431 1747 502 πλέων,
1902 449 1956 490 25

475 514 549 585 μή
572 536 647 587 τῳ
673 516 957 583 λαθραίως
981 513 1142 566 τέκνα
1168 518 1408 588 γενναίω
1437 514 1601 585 τέκοι,

477 610 703 653 κτανεῖν
727 615 833 668 σφε
857 595 1264 668 βουλεύσαντος
1289 593 1573 669 ὠμόφρων
1597 595 1743 670 ὅμως

479 681 653 754 μήτηρ
679 705 770 737 νιν
798 683 1060 747 ἐξέσωσεν
1085 686 1365 752 Αἰγίσθου
1392 683 1567 754 χερός.

482 773 558 832 είς
582 766 683 837 μὲν
711 765 816 838 γὰρ
847 763 1024 836 ἄνδρα
1050 771 1256 836 σκῆψιν
1283 763 1382 836 εἶχ’
1411 763 1672 838 ὀλωλότα,

478 856 695 907 παίδων
721 849 774 907 δ’
804 856 980 907 ἔδεισε
1006 849 1078 921 μὴ
1106 856 1427 922 φθονηθείη
1454 851 1629 926 φόνω.
1899 868 1956 911 30

478 940 536 992 ἐκ
566 941 744 992 τωνδε
770 935 842 1037 δη
864 932 1074 991 τοιόνδ’
1104 936 1478 1006 ἐμηχανησατο

481 1029 778 1093 Αἴγισθος·
811 1017 871 1086 ὂς
894 1044 996 1092 μεν
1018 1026 1117 1091 γῆς
1145 1017 1489 1123 απηλλάχθη
1500 1021 1683 1093 φυγὰς

474 1102 878 1178 Ἀγαμέμνονος
903 1118 1056 1175 παῖς,
1088 1103 1297 1178 χρυσὸν
1325 1102 1439 1177 εἶφ’
1471 1102 1530 1170 ὂς
1555 1129 1625 1161 αν
1649 1106 1839 1179 κτάνη,

478 1188 610 1263 ἡμῖν
635 1191 695 1246 δε
720 1190 787 1261 δὴ
816 1194 1048 1245 δίδωσιν
1071 1187 1369 1260 Ἠλέκτραν
1397 1196 1540 1260 ἔχειν

478 1275 753 1347 δάμαρτα,
781 1277 1034 1345 πατέρων
1059 1274 1160 1345 μὲν
1184 1281 1538 1346 Μυκηναίων
1563 1273 1669 1331 ἄπο
1900 1291 1954 1332 35

481 1366 748 1433 γεγῶσιν·
778 1357 845 1415 οὐ
872 1358 940 1430 δὴ
965 1359 1127 1414 τοῦτό
1151 1356 1204 1430 γ’
1234 1362 1602 1431 ἐξελέγχομαι·

482 1447 721 1517 λαμπροὶ
744 1443 848 1517 γὰρ
877 1450 952 1509 είς
977 1446 1134 1516 γένος
1158 1467 1248 1515 γε,
1273 1444 1564 1516 χρημάτων
1590 1469 1653 1516 γε
1677 1443 1785 1516 μὴν

480 1533 735 1602 πένητες,
768 1536 937 1585 ἔνθεν
960 1526 1210 1601 ηὑγένει’
1241 1527 1572 1585 ἀπόλλυται·

483 1614 555 1681 ὡς
579 1612 813 1672 ἀσθενεῖ
836 1614 966 1680 δοὺς
992 1612 1205 1685 ἀσθενῆ
1235 1615 1393 1686 λάβοι
1418 1614 1615 1685 φόβον.

482 1707 532 1757 εἰ
557 1700 659 1772 γάρ
684 1725 777 1756 νιν
803 1707 959 1771 ἔσχεν
985 1697 1177 1771 ἀξίωμ’
1208 1706 1348 1770 ἔχων
1373 1696 1528 1770 ἀνήρ,
1903 1713 1959 1755 40

485 1783 707 1842 εὕδοντ’
737 1782 805 1841 ἂν
831 1785 1073 1856 ἐξήγειρε
1098 1784 1194 1840 τὸν
1218 1782 1618 1856 Ἀγαμέμνονος

481 1872 660 1943 φόνον
685 1876 811 1942 δίκη
837 1868 885 1925 τ’
916 1866 984 1925 ἂν
1008 1862 1184 1941 ἦλθεν
1209 1876 1465 1943 Αἰγίσθῳ
1491 1868 1628 1923 τότε.

483 1953 553 2027 ἢν
578 1953 782 2011 οὔποθ’
816 1953 956 2026 ἀνὴρ
983 1952 1104 2024 ὅδε,
1131 1955 1363 2010 σύνοιδέ
1384 1977 1476 2024 μοι
1501 1953 1720 2022 Κύπρις

483 2041 746 2115 [ᾔσχυνεν
779 2039 937 2110 εὐνῇ·
968 2041 1248 2106 παρθένος
1274 2037 1324 2092 δ’
1359 2037 1433 2092 ἔτ’
1467 2039 1579 2090 ἐστὶ
1605 2035 1713 2103 δή].

486 2127 813 2198 αἰσχύνομαι
837 2125 940 2198 γὰρ
969 2123 1175 2197 ὀλβίων
1199 2123 1422 2197 ἀνδρῶν
1447 2126 1611 2179 τέκνα
1902 2141 1957 2180 45

485 2211 672 2284 λαβών
697 2209 970 2283 ὑβρίζειν,
1000 2208 1065 2265 οὐ
1090 2210 1340 2276 κατάξιος
1364 2209 1555 2281 γεγώς.

491 2296 634 2366 σέβω
668 2295 730 2351 δὲ
759 2293 859 2350 τόν
895 2296 1105 2366 λόγοισι
1129 2292 1418 2365 κηδεύοντ’
1450 2296 1563 2365 ἐμοὶ

485 2380 685 2437 ἄθλιον
706 2379 993 2452 Ὀρέστην,
1021 2388 1076 2435 εἴ
1094 2377 1215 2435 ποτ’
1247 2386 1321 2445 εἰς
1335 2377 1538 2450 ’Ἄργος
1559 2376 1745 2449 μολών

483 2467 693 2538 γάμους
719 2464 962 2537 ἀδελφῆς
987 2469 1275 2535 δυστυχεῖς
1295 2465 1563 2532 ἐσόψεται.

487 2549 634 2616 ὅστις
660 2553 724 2607 δέ
744 2549 801 2623 μ’
838 2550 984 2606 εἷναί
1006 2567 1139 2620 φησι
1163 2556 1351 2622 μῶρον
1379 2555 1430 2604 εί
1450 2547 1639 2619 λαβὼν
1905 2561 1954 2602 50

482 2638 616 2693 νέαν
642 2639 694 2701 ἐς
721 2645 910 2701 οἴκους
937 2636 1221 2705 παρθένον
1245 2633 1316 2705 μὴ
1342 2633 1611 2705 θιγγάνω,

485 2721 706 2792 γνώμης
731 2733 991 2792 πονηροῖς
1016 2719 1247 2774 κανόσιν
1273 2717 1749 2789 ἀναμετρούμενος

485 2804 544 2861 τὸ
571 2812 800 2876 σῶφρον
824 2815 955 2861 ἴστω
980 2801 1181 2868 καύτὸς
1212 2804 1282 2860 ἂν
1302 2809 1549 2867 τοιοῦτος
1580 2799 1674 2856 ὤν.

296 2898 414 2945 ΗΛ.
487 2883 530 2945 ὦ
554 2889 652 2956 νὺξ
678 2892 933 2961 μέλαινα,
959 2891 1209 2960 χρυσέων
1234 2887 1451 2958 ἄστρων
1476 2887 1664 2957 τροφέ,
