2022 3126
160 101 260 152 206
874 103 1134 153 ΕΛΕΝΗ

162 251 289 301 ΜΕ.
352 236 396 298 ὦ
419 249 530 300 πᾶν
555 239 679 298 κατ’
708 241 879 315 ἄκρας
905 242 1047 315 δῶμ’
1077 242 1210 315 ε’μόν
1235 247 1438 316 πέρσας
1461 245 1656 318 Πάρις,

349 328 480 384 τάδε
503 329 597 383 καὶ
622 329 682 384 σὲ
707 329 937 384 διώλεσε
961 328 1234 400 μυριάδας
1257 352 1316 384 τε

346 413 703 485 χαλκεόπλων
726 420 987 470 Δαναῶν.

159 506 270 554 ΕΛ.
351 499 444 570 ἐμὲ
469 503 502 553 δ
507 498 531 553 ὲ
556 504 821 570 πατρίδος
846 497 954 554 ἄπο
978 497 1330 569 κακόποτμον
1356 496 1558 570 ἀραίαν

249 614 253 615 ’
353 589 515 655 ἔβαλε
537 581 672 648 θεὸς
698 581 804 640 ἀπό
836 607 894 639 τε
917 584 1112 648 πόλεος
1136 580 1244 639 ἀπό
1267 606 1324 639 τε
1348 586 1534 655 σέθεν,

351 665 439 725 ὅτε
459 670 713 740 μέλαθρα
737 670 896 740 λέχεα
919 667 966 724 τ’
1001 674 1190 724 ἔλιπον
1216 665 1284 724 ού
1310 666 1536 725 λιποῦσ’

349 750 435 810 ἐπ’
469 759 713 825 αἰσχροῖς
740 755 950 826 γάμοις.

157 846 273 895 ΧΟ.
347 844 399 894 εἰ
419 841 512 894 καὶ
537 837 603 894 τὰ
628 837 792 895 λοιπὰ
818 845 911 911 τῆς
936 840 1100 910 τύχης
1131 835 1462 910 εὐδαίμονος

347 923 591 994 τύχοιτε,
618 923 756 995 πρὸς
780 923 846 980 τὰ
871 924 1124 993 πρόσθεν
1149 921 1435 995 ἀρκέσειεν
1463 921 1549 979 ἄν.

157 1014 315 1064 ΑΓΓ.
343 1011 627 1080 Μενέλαε,
654 1007 820 1081 κάμοὶ
847 1009 1124 1080 πρόσδοτέ
1151 1032 1203 1064 τι
1227 1014 1322 1080 τῆς
1348 1006 1571 1080 ἡδονῆς,

346 1090 416 1164 ἣν
441 1095 711 1165 μανθάνω
741 1096 842 1166 μὲν
869 1092 1098 1164 καύτός,
1126 1091 1193 1149 ού
1219 1099 1412 1165 σαφῶς
1437 1092 1493 1148 δ’
1523 1100 1644 1165 ἔχω.

156 1186 286 1234 ΜΕ.
346 1176 468 1234 ἀλλ’
501 1171 544 1234 οἷ
567 1182 782 1251 γεραιέ,
809 1181 902 1235 καὶ
926 1179 996 1235 σὺ
1021 1179 1281 1234 κοινωνει
1305 1179 1506 1250 λόγων.

155 1269 315 1319 ΑΓΓ.
344 1261 448 1336 οὐχ
470 1262 571 1335 ἥδε
593 1265 823 1336 μόχθων
847 1271 960 1320 τῶν
986 1268 1045 1320 ἐν
1069 1262 1207 1338 Ἰλίῳ
1233 1264 1502 1336 βραβεύς;

157 1355 284 1404 ΜΕ.
345 1347 446 1420 οὐχ
469 1347 595 1420 ἥδε,
623 1349 761 1420 πρὸς
785 1355 939 1405 θεῶν
964 1346 1018 1404 δ’
1046 1342 1187 1420 ἦμεν
1211 1346 1567 1420 ἠπατημένοι,

345 1437 582 1506 νεφέλης
608 1432 807 1506 ἄγαλμ’
838 1441 1052 1505 ἔχοντες
1077 1437 1136 1490 ἐν
1162 1447 1348 1505 χεροῖν
1371 1438 1597 1505 λυγρόν.

157 1525 316 1576 ΑΓΓ.
341 1525 395 1573 τί
418 1518 555 1587 φής;

347 1607 584 1676 νεφέλης
609 1602 698 1677 ἄρ’
729 1604 909 1671 ἄλλως
937 1613 1155 1676 εἴχομεν
1180 1605 1388 1670 πόνους
1416 1608 1567 1677 πέρι;

157 1695 286 1744 ME.
333 1686 506 1760 ΡἨρας
531 1688 656 1745 τάδ’
688 1697 823 1763 ἔργα
847 1693 940 1747 καὶ
964 1696 1119 1745 θεῶν
1143 1697 1386 1761 τρισσῶν
1412 1698 1539 1762 ἔρις.

155 1779 314 1829 ΑΓΓ.
342 1772 374 1844 ἡ
405 1772 456 1829 δ’
485 1768 610 1831 οὖσ’
641 1773 865 1847 ἀληθῶς
891 1779 1040 1832 ἐστιν
1064 1773 1164 1847 ἥδε
1189 1775 1256 1846 σὴ
1284 1776 1491 1847 δάμαρ;

155 1865 285 1914 ΜΕ.
349 1856 488 1930 αὕτη
505 1879 515 1889 ·
547 1861 731 1931 λόγοις
757 1859 808 1916 δ’
839 1864 1013 1932 ἐμοῖσι
1039 1868 1339 1916 πίστευσον
1362 1861 1509 1916 τάδε.

158 1949 260 1999 ΑΓ
255 1950 316 1999 Γ.
343 1936 388 1999 03
410 1944 659 2016 θύγατερ
675 1989 688 2015 ,
716 1944 743 2001 ὁ
767 1945 902 2012 θεὸς
927 1943 999 2010 ὡς
1025 1952 1135 2017 ἔφυ
1161 1970 1212 2001 τι
1237 1952 1489 2002 ποικίλον

347 2031 439 2084 καὶ
465 2032 896 2101 δυστέκμαρτον.
927 2024 991 2086 εὖ
1017 2033 1083 2086 δέ
1109 2054 1224 2095 πως
1247 2027 1581 2102 ἀναστρέφει

347 2118 523 2170 ἐκεῖσε
549 2112 762 2171 κᾶκεῖσ’
793 2113 1093 2186 ἀναφέρων
1110 2133 1122 2144 ·
1157 2108 1186 2169 ὃ
1208 2115 1310 2187 μὲν
1334 2130 1508 2187 πονεῖ,

345 2197 378 2255 ὃ
405 2198 456 2254 δ’
485 2197 552 2254 οὐ
578 2201 819 2271 πονήσας
845 2193 1014 2266 αὖθις
1037 2197 1265 2257 ὄλλυται
1289 2207 1487 2272 κακῶς,

348 2287 578 2356 βέβαιον
603 2283 772 2341 οὐδὲν
796 2292 889 2357 τῆς
918 2282 1004 2341 ἀεὶ
1029 2286 1194 2356 τύχης
1219 2292 1375 2357 ἔχων.

348 2367 418 2424 σὺ
445 2369 550 2440 γὰρ
577 2370 734 2435 πόσις
758 2394 816 2426 τε
841 2369 936 2436 σὸς
961 2372 1151 2426 πόνων
1173 2374 1475 2442 μετέσχετε,

349 2453 418 2509 σὺ
445 2456 545 2525 μὲν
570 2455 844 2526 λόγοισιν,
872 2451 904 2509 ὃ
928 2457 988 2510 δὲ
1014 2454 1178 2526 δορὸς
1203 2463 1508 2530 προθυμίᾳ.

1747 599 1829 644 695

1747 1023 1831 1067 700

1746 1446 1829 1491 705

1748 1873 1828 1918 710

1743 2299 1825 2346 715

348 2539 610 2595 σπεύδων
635 2537 687 2595 δ’
718 2537 802 2596 ὅτ’
832 2539 1057 2596 ἔσπευδ’
1088 2539 1256 2597 οὐδὲν
1281 2541 1414 2612 εἶχε·
1440 2547 1549 2597 νῦν
1576 2540 1627 2597 δ’
1656 2548 1762 2614 ἔχει

346 2621 627 2695 αὐτόματα
652 2626 857 2695 πράξας
879 2623 1081 2697 τάγάθ’
1114 2625 1495 2696 εὐτυχέστατα.

350 2705 453 2763 οὐκ
478 2707 584 2780 ἄρα
609 2713 840 2780 γέροντα
867 2713 1072 2782 πατέρα
1100 2714 1192 2767 καὶ
1215 2712 1508 2784 Διοσκόρω

348 2790 590 2865 ᾔσχυνας
614 2792 737 2850 οὐδ’
769 2800 1001 2867 ἔδρασας
1025 2792 1112 2851 οἶα
1132 2797 1396 2868 κλῄζεται.

347 2884 456 2933 νῦν
481 2876 819 2951 ἀνανεοῦμαι
844 2880 941 2936 τὸν
966 2879 1067 2936 σὸν
1095 2879 1361 2951 ὑμέναιον
1389 2880 1557 2937 πάλιν

1737 2725 1822 2770 720
