2022 3126
146 1915 258 1963 XO.

146 2501 269 2550 ΠΗ.

734 91 1190 139 ΑΝΔΡΟΜΑΧΗ
1727 87 1793 137 83

338 235 463 301 ἔστη
493 239 753 300 φαεννοῖς
782 226 1048 296 δεσπότης
1072 230 1312 296 στίλβων
1338 222 1542 295 ὅπλοις,

332 315 465 384 πρὶν
490 311 558 382 δή
580 335 660 375 τις
684 308 956 366 άδύτων’
930 333 988 364 εκ
1013 311 1197 379 μέσων
1219 310 1523 380 ἐφθέγξατο

335 396 524 452 δεινόν
541 418 600 452 τε
619 395 713 448 καὶ
738 397 1031 463 φρικῶδες,
1058 393 1200 463 ὦρσε
1226 393 1287 448 δὲ
1310 390 1545 465 στρατὸν

335 483 569 550 στρέψας
592 478 730 549 πρὸς
755 475 945 547 ἀλκήν.
986 473 1102 532 ἔνθ’
1122 473 1406 546 Ἀχιλλέως
1428 482 1607 531 πίτνει

332 577 458 628 παῖς
482 561 772 635 ὀξυθήκτῳ
800 564 1012 631 πλευρὰ
1039 560 1306 633 φασγάνῳ
1330 562 1520 624 τυπεὶς
1688 576 1795 617 1150

332 652 564 718 Δελφοῦ
589 645 725 718 πρὸς
749 643 968 715 ἀνδρός,
995 641 1165 715 ὅσπερ
1191 641 1362 698 αὐτὸν
1390 642 1560 699 ὤλεσε

332 737 552 786 πολλῶν
575 727 682 801 μετ’
712 727 919 785 ἄλλων·
954 726 1026 793 ὡς
1050 729 1111 783 δὲ
1140 726 1276 799 πρὸς
1300 741 1465 798 γαῖαν
1487 734 1682 797 πίτνει,

331 821 412 879 τίς
436 812 503 870 οὐ
527 819 756 885 σίδηρον
781 815 1110 885 προσφέρει,
1137 818 1217 876 τίς
1241 809 1306 866 οὗ
1330 814 1546 885 πέτρον,

333 899 553 970 βάλλων
578 896 864 970 άράσσων;
893 902 1004 952 πᾶν
1027 895 1081 952 δ’
1111 895 1387 952 ἀνάλωται
1412 899 1577 968 δέμας

331 982 392 1038 τὸ
418 988 801 1054 καλλίμορφον
824 981 1152 1053 τραυμάτων
1179 976 1271 1036 ὑπ’
1297 977 1523 1051 ἆγρίων.
1688 996 1796 1036 1155

331 1066 534 1137 νεκρὸν
558 1067 620 1121 δὲ
644 1066 714 1138 δή
735 1089 827 1121 νιν
851 1072 1108 1136 κείμενον
1131 1070 1324 1136 βωμοῦ
1349 1067 1514 1129 πέλας

333 1153 590 1221 ἐξέβαλον
614 1150 766 1214 ἐκτὸς
789 1150 1087 1205 θυοδόκων
1111 1147 1449 1219 ἀνακτόρων.

331 1232 486 1305 ἡμεῖς
511 1232 562 1289 δ’
593 1232 1007 1306 ἀναρπάσαντες
1032 1231 1104 1298 ὡς
1126 1234 1284 1304 τάχος
1309 1247 1496 1304 χεροῖν

331 1321 623 1390 κομίζομέν
647 1342 740 1374 νιν
762 1320 849 1374 σοὶ
873 1321 1204 1389 κατοιμῶξαι
1226 1317 1377 1388 γόοις

331 1409 575 1458 κλαῦσαί
593 1426 677 1472 τε,
706 1405 948 1474 πρέσβυ,ι
974 1408 1074 1475 γῆς
1097 1425 1155 1457 τε
1178 1408 1448 1471 κοσμῆσαι
1473 1403 1646 1475 τάφῳ.
1689 1415 1797 1457 1160

334 1485 545 1542 τοιαῦθ’
574 1484 602 1541 ὃ
627 1500 740 1551 τοῖς
765 1484 978 1541 ἄλλοισι
1001 1493 1282 1554 θεσπίζων
1306 1483 1457 1555 ἅναξ,

331 1569 360 1626 ὁ
386 1577 497 1626 τῶν
523 1577 757 1626 δικαίων
783 1577 953 1625 πᾶσιν
975 1568 1296 1639 ἀνθρώποις
1320 1571 1524 1641 κριτής,

337 1660 494 1719 δίκας
519 1655 744 1710 διδόντα
768 1654 920 1710 παῖδ’
951 1652 1138 1726 ἔδρασ’
1160 1653 1460 1724 Ἀχιλλέως.

331 1739 707 1810 ἐμνημόνευσε
734 1736 790 1793 δ’
830 1736 1013 1809 ω’σπερ
1038 1736 1338 1807 ἄνθρωπος
1360 1736 1527 1800 κακὸς

332 1821 537 1878 παλαια
559 1830 748 1893 νείκη
777 1830 891 1887 πῶς
915 1846 985 1877 αν
1009 1825 1113 1878 οὐν
1140 1831 1222 1893 εἴη
1248 1821 1453 1892 σοφός;
1691 1835 1798 1877 1165

329 1910 422 1962 καὶ
444 1907 554 1978 μὴν
580 1904 665 1962 ὅδ’
695 1905 830 1973 άναξ
853 1905 960 1977 ἤδη
987 1907 1242 1978 φοράδην

332 1996 614 2062 Δελφίδος
637 1996 696 2047 ἐκ
718 1998 816 2062 γῆς
841 1997 997 2061 δῶμα
1023 1991 1253 2058 πελάζει.

330 2077 551 2147 τλήμων
577 2074 605 2131 ὁ
630 2076 849 2145 παθών,
875 2075 1095 2146 τλήμων
1119 2077 1180 2131 δὲ
1203 2078 1368 2146 γέρον

329 2162 421 2215 καὶ
444 2160 514 2215 σύ
529 2180 539 2188 ·
584 2164 728 2230 δέχει
751 2159 858 2231 γὰρ
879 2159 978 2215 τὸν
1002 2157 1302 2230 Ἀχίλλειον

332 2246 580 2315 σκύμνον
604 2248 657 2308 ές
682 2252 895 2314 οἴκους,
922 2243 1023 2314 οὐχ
1048 2242 1121 2309 ὡς
1145 2243 1215 2299 σὺ
1238 2246 1447 2308 θέλεις·
1689 2256 1799 2299 1170

333 2326 499 2393 αὐτός
521 2352 580 2383 τε
602 2341 791 2392 κακοῖς
817 2329 1026 2399 πήμασι
1067 2328 1093 2355 *
1118 2330 1143 2353 ⁸

333 2417 408 2476 εἰς
434 2417 494 2467 ἓν
519 2419 712 2483 μοίρας
735 2415 1096 2483 συνέκυρσας.

332 2493 467 2566 ω’μοι
492 2497 627 2568 ἐγώ,
652 2495 827 2552 κακὸν
851 2493 970 2552 οἷον
995 2495 1106 2568 ὁρῶ
1131 2497 1258 2552 τόδε
1573 2514 1686 2561 στρ.

329 2582 422 2635 καὶ
447 2584 670 2652 δέχομαι
694 2583 812 2653 χερὶ
837 2581 1051 2651 δώμασί
1078 2579 1116 2633 τ’
1154 2577 1327 2647 ἀμοῖς·

335 2666 400 2718 ι’ω’
423 2672 521 2734 μοί
539 2689 648 2735 μοι,
675 2671 807 2734 αἰαῖ,
1684 2676 1793 2720 1175

332 2740 375 2802 ὦ
399 2748 525 2803 πόλι
551 2756 852 2818 Θεσσαλία,
881 2749 1240 2820 &ommam

602 2846 711 2890 1173
727 2864 788 2870 --·
808 2846 1120 2890 1183=1186
1137 2865 1197 2871 -
1213 2848 1319 2891 1196

1467 2914 1537 2959 6*
