2022 3126
121 1498 234 1546 XO.

121 1750 169 1798 Ε
175 1751 231 1797 Τ.

764 87 1101 132 ΙΚΕΤΙΛΕΣ
1209 68 1216 75 ’
1666 80 1763 129 403

308 228 602 283 ἱππεύουσι
623 225 699 283 δι’
735 226 963 297 ὅρφνας,

307 322 335 353 *
421 322 447 349 *
536 309 699 367 ἁνίκα
723 311 913 381 γάμων
1679 320 1766 365 095>

304 402 415 450 τῶν
440 399 586 464 ἐμῶν
608 392 1015 465 πόλις”Αργους

307 477 519 543 άοιδαϊς
547 478 900 550 εὐδαιμονίας

308 564 594 635 ἐπύργωσε
617 566 708 618 καὶ
731 566 934 634 γαμέτα

306 654 731 718 χαλκεοτευχοῦς
776 670 833 702 τε
874 647 1193 709 Καπανέως.

308 734 586 802 προσέβαν
610 730 815 803 δρομὰς
839 734 891 797 ἐξ
915 734 1060 800 ἐμῶν
1656 744 1771 784 4000

309 825 478 871 οἴκων
503 819 998 888 ἐκβακχευσαμένα,

306 899 481 968 πυρὸς
508 907 626 972 φῶς
651 902 995 968 [καθέξουσα]
1021 907 1197 972 τάφον
1218 920 1275 954 τε

306 985 617 1054 ματεύουσα
640 984 737 1040 τὸν
759 982 947 1054 αὐτόν,

307 1066 566 1132 ἐςἍιδαν
588 1065 960 1124 καταλύσουσ’
990 1075 1270 1139 ἔμμοχθον

306 1159 494 1223 βίοτον
518 1153 717 1218 αἰῶνός
741 1176 798 1208 τε
821 1153 1025 1217 πόνους
1040 1172 1051 1181 ·
1665 1164 1769 1206 1005

306 1234 524 1307 ἥδιστος
546 1237 650 1307 γάρ
676 1261 757 1293 τοι
782 1237 1022 1301 θάνατος

307 1321 684 1391 συνθνῄσκειν
707 1322 1017 1392 θνήσκουσι
1041 1327 1240 1393 φίλοις,

309 1412 359 1461 εἰ
380 1411 596 1476 δαίμων
621 1406 750 1462 τάδε
774 1412 1008 1478 κραίνοι.

305 1493 396 1545 καὶ
419 1490 529 1561 μὴν
555 1488 686 1564 ὁρᾷς
709 1488 865 1562 τήνδ’
892 1483 955 1560 ἧς
980 1492 1281 1562 ἐφέστηκας
1305 1490 1469 1552 πέλας

310 1575 521 1645 πυράν,
546 1575 684 1640 Διὸς
707 1575 1027 1646 θησαυρόν,
1057 1571 1182 1629 ἕνθ’
1216 1579 1392 1628 ἔνεστι
1418 1570 1511 1636 σὸς
1665 1586 1772 1626 1010

309 1660 465 1724 πόσις
491 1661 794 1730 δαμασθεὶς
818 1659 1092 1730 λαμπάσιν
1117 1663 1446 1728 κεραυνίοις.

303 1742 413 1813 ὁρῶ
440 1743 507 1814 δὴ
531 1744 809 1815 τελευτάν,
1574 1736 1687 1794 ἀντ.

310 1825 384 1884 ἵν’
414 1831 637 1883 ἕστακα·
664 1830 800 1899 τύχα
825 1831 890 1883 δέ
911 1851 1003 1899 μοι

310 1913 569 1979 ξυνάπτει
593 1913 784 1978 ποδός·
815 1910 951 1967 ἀλλὰ
976 1919 1068 1983 τῆς

312 1995 560 2063 εὐκλείας
585 1997 746 2068 χάριν
771 2003 939 2053 ἔνθεν
966 1995 1062 2067 ὁρ·
1666 2007 1774 2046 1015

312 2083 465 2152 μάσω
490 2079 645 2137 τᾶσδ’
676 2080 781 2137 άπὸ
808 2084 1006 2151 πέτρας

312 2167 599 2237 πηδήσασα
624 2165 798 2237 πυρὸς
826 2173 949 2237 ἔσω,

315 2251 468 2320 σῶμά
492 2248 540 2305 τ’
569 2258 763 2305 αἴθοπι
789 2257 1017 2324 φλογμῷ

313 2335 468 2389 πόσει
492 2338 799 2405 συμμίξασα
824 2341 1005 2405 φίλον,
1666 2344 1776 2384 1020

312 2425 492 2489 χρῶτα
515 2420 682 2489 χρωτὶ
706 2420 871 2483 πέλας
893 2421 1103 2489 θεμένα

313 2508 727 2575 Περσεφονείας
771 2499 881 2572 ἥξω
927 2503 1232 2573 θαλάμους,

314 2590 374 2642 σὲ
396 2587 493 2643 τὸν
518 2584 750 2642 θανόντ’
783 2585 975 2642 οὔποτ’
1004 2590 1105 2661 ἐμᾷ

315 2677 596 2741 προδοῦσα
619 2676 769 2744 ψυχᾷ
792 2670 928 2726 κατὰ
954 2677 1069 2742 γᾶς.

313 2764 410 2810 ἴτω
434 2762 552 2828 φῶς
577 2755 738 2826 γάμοι
762 2778 835 2810 τε.
1672 2764 1776 2807 1025

314 2848 433 2895 εἴθε
457 2841 600 2905 τινες
625 2838 782 2894 εὐναὶ

1334 2917 1440 2967 26*
