2022 3126
218 106 319 160 154

223 679 332 729 XO.

929 106 1174 153 EKABH

407 241 449 304 ὦ
473 248 751 320 θύγατερ,
784 243 920 313 ἅψαι
949 246 1179 318 μητρός,
1207 251 1455 302 ἔκτεινον
1477 247 1627 318 χέρα,

406 333 527 398 δός·
556 331 628 407 μὴ
655 338 818 404 λίπῃς
841 329 900 403 μ’
930 327 1142 387 ἄπαιδ’.
1191 327 1516 402 ἀπωλόμην,
1544 336 1717 401 φίλαι.
1794 343 1878 385 440

406 415 500 486 [ὥς
524 417 624 489 τὴν
649 416 936 472 Λάκαιναν
959 415 1237 487 σύγγονον
1259 415 1597 487 Διοσκόροιν

398 499 621 574 Ἑλένην
647 506 844 573 ἴδοιμι·
875 498 970 557 διὰ
994 507 1183 556 καλῶν
1205 500 1309 572 γὰρ
1335 498 1592 572 ὀμμάτων

406 596 654 657 αἴσχιστα
685 593 889 659 Τροίαν
915 582 1025 642 εἷλε
1050 584 1150 657 τὴν
1176 584 1517 657 εὐδαίμονά]

407 668 553 743 αὔρα
568 715 582 742 ,
608 670 834 737 ποντιὰς
858 668 1021 743 αὔρα,

407 754 501 812 ἅτε
526 757 906 828 ποντοπόρους
930 761 1166 827 κομίζεις

411 840 551 907 θοὰς
577 839 812 906 ἀκάτους
837 838 923 897 ἐπ’
954 839 1116 912 οἶδμα
1141 846 1352 912 λίμνας,

407 940 506 983 ποῖ
525 949 592 998 με
615 925 715 983 τὰν
740 927 942 998 μελέαν
967 926 1286 998 πορεύσειςς

406 1018 480 1087 τῷ
506 1011 844 1077 δουλόσυνος
869 1033 1005 1083 προς
1031 1011 1184 1067 οἷκον

407 1094 659 1168 κτηθεῐσ’
690 1094 981 1168 ἄφίξομαι;

408 1179 442 1253 ἢ
464 1186 724 1255 Δωρίδος
749 1178 924 1252 ὅρμον
949 1189 1070 1246 αἴας

408 1263 442 1338 ἦ
470 1266 747 1336 Φθιάδος,
776 1271 916 1321 ἔνθα
941 1271 1132 1321 καλλί-

409 1370 553 1407 στων
580 1348 804 1407 ὑδάτων
830 1352 1038 1422 πατέρα

409 1439 581 1508 φασὶν
598 1433 899 1491 Ἀπιδανὸν
923 1439 1087 1491 πεδία
1112 1440 1419 1500 λιπαίνειν;

407 1518 441 1593 ἢ
464 1522 683 1592 νάσων,
712 1518 926 1594 ἁλιήρει

406 1607 567 1681 κώπᾳ
593 1608 950 1677 πεμπομέναν
973 1605 1253 1674 τάλαιναν,

407 1691 633 1765 οἰκτρὰν
659 1689 851 1762 βιοτὰν
880 1696 1115 1761 ἔχουσαν
1140 1698 1327 1759 οἴκοις,

409 1784 550 1832 ἔνθα
575 1775 925 1848 πρωτόγονός
950 1797 1008 1831 τε
1033 1777 1217 1847 φοῖνιξ

408 1861 595 1933 δάφνα
619 1859 680 1916 θ’
713 1859 898 1933 ἱεροὺς
923 1857 1116 1930 ἀνέσχε

408 1947 691 2018 πτόρθους
713 1952 890 2001 Λατοῖ
911 1952 1047 2017 φίλα

409 2029 607 2096 ὠδῖνος
632 2028 848 2101 ἄγαλμα
870 2036 1040 2094 Δίας;

409 2115 515 2172 σὺν
538 2116 814 2186 Δηλιάσιν
837 2137 894 2170 τε
919 2113 1148 2185 κούραις

401 2199 714 2273 Ἀρτέμιδός
738 2222 796 2255 τε
821 2205 958 2264 θεᾶς

407 2288 649 2358 χρυσέαν
675 2283 900 2356 ἄμπυκα
927 2284 1051 2350 τόξα
1076 2281 1122 2338 τ’
1155 2281 1465 2353 εὐλογήσως

408 2368 444 2442 ἢ
467 2370 757 2435 Παλλάδος
783 2372 843 2425 ἐν
867 2367 1023 2425 πόλει

408 2463 500 2520 τᾶς
524 2460 896 2527 καλλιδίφρου
919 2459 1056 2518 θεᾶς

411 2539 632 2596 ναίουσ’
649 2584 663 2610 ,
691 2543 752 2595 ἐν
775 2540 987 2613 κροκέω
1013 2539 1202 2612 πέπλῳ

409 2626 662 2696 ζεύξομαι
691 2619 796 2692 ἆρα
825 2626 1048 2688 πώλους
1077 2626 1137 2678 ἐν

414 2712 756 2766 δαιδαλέαισι
785 2700 1128 2760 ποικίλλουσ’

744 2806 828 2849 444
843 2827 904 2834 -·
918 2807 1082 2848 454Ξ
1094 2807 1177 2848 455
1196 2826 1257 2834 -
1271 2804 1354 2849 465

742 2891 827 2933 466
843 2912 901 2918 --
920 2888 1174 2933 4743475
1190 2908 1251 2915 -
1266 2889 1350 2933 483

1659 687 1773 740 στρ.

1796 1191 1880 1233 450

1652 1517 1767 1572 ἀντ.
1796 1531 1879 1572 455

1794 2292 1877 2336 465

1654 2383 1768 2433 στρ.

1800 2714 1879 2759 470
