2022 3126
95 2517 191 2565 XO

98 2686 142 2732 Ο
151 2686 201 2733 Ρ.

755 97 1080 143 ΗΛΕΚΤΡΑ
1635 94 1735 148 271

281 243 448 295 πᾶσιν
472 233 526 291 δ’
554 239 615 291 ἐν
633 231 961 306 Ἀργείοισιν
983 232 1180 305 ἤκουες
1203 236 1333 291 τάδε
1348 255 1360 264 ·
1654 252 1738 295 930

280 318 310 377 ὃ
331 325 425 389 τῆς
448 319 736 389 γυναικός,
765 317 888 389 οὐχὶ
912 318 1146 390 τάνδρὸς
1168 317 1201 391 ἡ
1228 320 1387 391 γυνή.

282 411 458 461 καίτοι
484 402 604 459 τόδ’
633 403 886 473 αἰσχρόν,
912 417 1236 473 προστατεῖν
1260 428 1322 474 γε
1346 404 1612 474 δωμάτων

281 501 542 560 γυναῖκα,
569 490 640 559 μὴ
666 486 764 542 τὸν
789 484 991 559 ἄνδρα·
1017 486 1310 553 κάκείνους
1335 495 1517 558 στυγῶ

281 571 409 638 τοὺς
431 576 656 642 παῖδας,
683 568 830 636 ὅστις
853 577 951 626 τοῦ
978 571 1079 642 μὲν
1104 569 1333 641 ἄρσενος
1358 571 1560 644 πατρὸς

282 653 384 713 οὐκ
408 653 716 726 ὠνόμασται
734 699 748 725 ,
781 662 875 727 τῆς
897 655 958 711 δὲ
981 655 1183 726 μητρὸς
1209 659 1268 710 ἐν
1293 657 1464 712 πόλει.
1657 671 1740 714 935

281 744 514 812 ἐπίσημα
537 738 640 810 γὰρ
667 740 900 811 γήμαντι
924 742 1016 795 καὶ
1038 746 1200 810 μείζω
1224 743 1349 810 λέχη

279 823 513 895 τάνδρὸς
537 825 637 895 μὲν
661 821 872 893 οὐδείς,
897 830 1007 879 τῶν
1031 824 1092 879 δὲ
1115 830 1361 895 θηλειῶν
1384 825 1557 896 λόγος.

280 906 311 965 ὃ
337 907 390 964 δ’
418 907 597 980 ἠπάτα
621 927 682 964 σε
705 916 960 964 πλεῖστον
986 906 1089 964 οὐκ
1114 908 1408 979 ἐγνωκότα,

278 990 465 1064 ηὔχεις
487 1016 567 1057 τις
593 993 733 1048 εἶναι
757 1006 897 1048 τοῖσι
919 993 1153 1064 χρήμασι
1180 995 1402 1048 σθένων
1418 1010 1428 1020 ·
1496 988 1499 989 ’

279 1077 345 1132 τὰ
369 1075 420 1133 δ’
451 1074 618 1132 οὐδὲν
645 1083 696 1132 εἰ
719 1075 791 1148 μὴ
816 1076 1030 1148 βραχὺν
1055 1074 1310 1147 ὁμιλῆσαι
1333 1077 1550 1148 χρόνον.
1657 1091 1741 1133 940

279 1159 313 1232 ἡ
341 1160 444 1233 γὰρ
471 1162 635 1232 φύσις
659 1164 902 1233 βέβαιος,
929 1159 996 1216 οὗ
1021 1160 1086 1216 τὰ
1108 1161 1368 1233 χρήματα.

278 1244 315 1316 ἢ
338 1247 438 1317 μὲν
463 1245 566 1317 γὰρ
592 1243 676 1301 ἀεὶ
701 1243 1075 1317 παραμένουσ’
1103 1255 1246 1316 αἴρει
1272 1246 1412 1302 κακά
1428 1265 1438 1274 ·

281 1327 308 1385 ὅ
336 1328 387 1386 δ’
415 1329 576 1402 ὄλβος
602 1329 805 1394 ἀδίκως
830 1327 920 1384 καὶ
943 1329 1076 1400 μετὰ
1104 1337 1313 1386 σκαιῶν
1338 1328 1521 1396 ξυνῶν

281 1414 520 1481 ἐξέπτατ’
551 1423 747 1484 οἴκων,
775 1413 1008 1485 σμικρὸν
1032 1412 1279 1484 ἀνθήσας
1304 1415 1523 1485 χρόνον.

281 1495 345 1553 τά
360 1500 412 1557 δ’
430 1505 505 1564 εἰς
529 1512 822 1570 γυναῖκας,
849 1501 1112 1572 παρθένῳ
1138 1498 1243 1569 γὰρ
1275 1497 1342 1554 οὐ
1367 1497 1540 1554 καλὸν
1657 1513 1740 1555 945

281 1585 489 1653 λέγειν,
517 1590 734 1652 σιωπῶ,
760 1590 1049 1654 γνωρίμως
1077 1580 1132 1638 δ’
1159 1586 1446 1653 αἰνίξομαι.

280 1664 522 1738 ὕβριζες,
551 1665 623 1732 ῶς
648 1667 715 1739 δὴ
741 1666 1058 1738 βασιλικοὺς
1083 1673 1222 1738 ἔχων
1247 1668 1449 1738 δόμους

280 1752 467 1807 κάλλει
490 1749 538 1807 τ’
567 1750 798 1823 ἀραρώς.
829 1749 950 1806 ἀλλ’
979 1750 1156 1822 ἔμοιγ’
1185 1761 1267 1823 εἴη
1293 1749 1450 1816 πόσις

278 1835 350 1907 μὴ
376 1837 769 1907 παρθενωπός,
803 1834 940 1891 ἄλλα
964 1834 1259 1908 τάνδρείου
1282 1836 1508 1907 τρόπου.

280 1919 344 1975 τὰ
368 1918 472 1991 γὰρ
497 1918 647 1976 τέκν’
677 1919 863 1976 αὐτῶν
882 1918 1075 1991 ’Ἄρεος
1099 1921 1549 1993 ἐκκρεμάννυται,
1657 1935 1742 1978 950

282 2003 346 2060 τὰ
372 2002 424 2060 δ’
460 2003 708 2077 εὐπρεπῆ
735 2005 802 2076 δὴ
827 2005 1027 2076 κόσμος
1052 2009 1111 2060 ἐν
1135 2019 1314 2076 χοροῖς
1338 2006 1525 2076 μόνον.

281 2086 419 2161 ἔρρ’,
449 2087 617 2146 οὐδὲν
644 2089 803 2154 εἰδώς
829 2081 907 2144 ῶν
930 2093 1258 2161 ἐφευρεθεὶς
1282 2091 1462 2164 χρόνῳ

279 2179 441 2244 δίκην
469 2177 729 2239 δέδωκας.
756 2172 893 2230 ῶστε
939 2199 1018 2241 τις
1042 2181 1348 2246 κακοῦργος
1373 2171 1452 2230 ῶν

279 2259 352 2328 μή
377 2282 494 2328 μοι,
523 2257 582 2314 τὸ
609 2265 827 2330 πρῶτον
852 2259 984 2330 βῆμ’
1014 2257 1110 2315 ἐὰν
1135 2260 1315 2332 δράμῃ
1341 2266 1536 2330 καλῶς,

278 2348 442 2397 νικᾶν
467 2348 695 2398 δοκείτω
721 2342 821 2414 τὴν
850 2348 1040 2415 δίκην,
1068 2346 1200 2414 πρὶν
1227 2340 1296 2398 ἂν
1319 2347 1469 2408 τέλος
1659 2358 1740 2400 955

281 2434 530 2498 γραμμῆς
559 2433 739 2499 ἵκηται
765 2430 858 2483 καὶ
888 2429 1041 2493 τέλος
1072 2429 1259 2500 κάμψῃ
1283 2435 1427 2500 βίου.

279 2514 475 2579 ἔπραξε
500 2513 683 2583 δεινά,
711 2511 866 2568 δεινὰ
896 2510 948 2568 δ’
978 2511 1252 2568 ἀντέδωκε
1277 2516 1365 2568 σοὶ

284 2597 375 2649 καὶ
401 2594 550 2669 τῷδ’·
581 2603 688 2668 ἔχει
713 2596 817 2669 γὰρ
844 2595 876 2668 ἡ
899 2604 1045 2668 Δίκη
1071 2599 1208 2668 μέγα
1232 2600 1448 2663 σθένος.

280 2678 416 2734 εἷεν·
443 2687 682 2750 κομίζειν
706 2686 870 2737 τοῦδε
896 2681 1034 2752 σῶμ’
1065 2690 1192 2737 εἴσω
1216 2681 1396 2753 χρεων

283 2763 457 2836 σκότῳ
483 2788 541 2819 τε
565 2770 789 2835 δοῦναι,
817 2771 1021 2837 δμῶες,
1051 2763 1122 2830 ῶς
1146 2764 1279 2824 ὅταν
1303 2768 1443 2840 μόλῃ
1659 2777 1743 2822 960

281 2847 454 2916 μήτηρ
470 2891 484 2917 ,
510 2857 724 2921 σφαγῆς
747 2850 985 2921 πάροιθε
1010 2849 1082 2921 μὴ
1110 2855 1287 2924 εἰσίδῃ
1312 2851 1529 2919 νεκρόν.
