2022 3126
274 85 376 136 388

942 86 1280 131 ΙΚΕΤΙΔΕΣ

465 228 705 298 πόλεμον
730 227 791 282 δὲ
815 232 1012 281 τοῦτον
1037 223 1140 281 οὐκ
1167 225 1271 296 ἐγώ
1297 232 1652 298 καθίσταμαι,

463 309 522 377 ὃς
547 309 678 368 οὐδὲ
701 311 809 367 σὺν
835 307 1005 367 τοῖσδ’
1038 303 1215 381 ἦλθον
1243 316 1319 376 εἰς
1344 311 1574 382 Κάδμου
1599 311 1794 382 χθόνα.

465 395 697 464 νεκροὺς
724 395 786 452 δὲ
809 395 937 460 τοὺς
961 395 1264 466 θανόντας,
1293 393 1360 450 οῦ
1385 395 1645 466 βλάπτων
1668 398 1829 454 πόλιν

462 479 577 537 οὐδ’
605 479 985 553 ἀνδροκμῆτας
1013 482 1348 552 προσφέρων
1373 478 1631 552 ἀγωνίας,
1855 499 1936 540 525

465 566 643 632 θάψαι
668 570 890 634 δικαιῶ,
918 564 1013 621 τὸν
1038 565 1413 636 Πανελλήνων
1437 566 1609 637 νόμον

463 651 666 719 σώζων.
727 656 784 706 τί
802 651 1014 706 τούτων
1038 652 1184 706 ἐστὶν
1210 647 1275 706 οὐ
1301 656 1481 716 καλῶς
1508 657 1658 721 ἔχον;

466 742 516 792 εἰ
537 737 639 807 γάρ
669 759 719 791 τι
744 736 835 790 καὶ
860 734 1169 791 πεπόνθατ’
1193 733 1457 806 Ἀργείων
1484 732 1618 806 ῧπο,

465 827 757 890 τεθνᾶσιν,
785 817 1074 892 ἠμύνασθε
1099 827 1394 890 πολεμίους
1420 827 1617 896 καλῶς,

465 912 700 977 αἰσχρῶς
725 902 777 961 δ’
807 908 1055 974 ἐκείνοις,
1085 902 1151 976 χὴ
1177 910 1303 977 δίκη
1329 910 1606 976 διοίχεται.
1856 921 1938 963 530

469 988 673 1058 [ἐάσατ’
706 988 810 1062 ἤδη
836 996 904 1063 γῇ
930 996 1293 1061 καλυφθῆναι
1319 991 1569 1061 νεκρούς,

467 1073 605 1131 ὅθεν
632 1073 682 1130 δ’
712 1078 942 1132 ἕκαστον
968 1080 1043 1140 εἰς
1068 1073 1126 1131 τὸ
1155 1073 1293 1146 σῶμ’
1323 1073 1571 1146 ἀφίκετο,

470 1158 700 1216 ἐνταῦθ’
732 1158 1030 1229 ἀπελθεῖν,
1060 1167 1278 1232 πνεῦμα
1301 1160 1402 1231 μὲν
1429 1159 1564 1232 πρὸς
1590 1163 1806 1232 αἰθέρα,

469 1244 524 1300 τὸ
553 1251 707 1317 σῶμα
733 1242 783 1300 δ’
815 1250 891 1310 εἰς
914 1251 1044 1316 γῆν·
1074 1243 1195 1301 οὔτι
1219 1244 1323 1316 γὰρ
1350 1245 1660 1316 κεκτήμεθα

471 1327 734 1401 ἡμέτερον
763 1327 900 1385 αὐτὸ
930 1328 1074 1400 πλὴν
1100 1333 1380 1401 ἐνοικῆσαι
1405 1336 1546 1401 βίον,
1855 1345 1936 1388 535

469 1412 697 1471 κᾶπειτα
725 1414 824 1486 τὴν
849 1417 1141 1485 θρέψασαν
1166 1413 1301 1471 αὐτὸ
1330 1420 1419 1471 δεῖ
1440 1421 1668 1486 λαβεῖν]

468 1504 648 1566 δοκεῖς
672 1497 1216 1573 κακουργεῖν’Ἀργος
1241 1498 1308 1557 οὐ
1337 1500 1570 1557 θάπτων
1591 1500 1852 1571 νεκρούς;

469 1582 658 1656 ἥκιστα
675 1605 685 1614 ·
713 1585 888 1657 πάσης
906 1581 1160 1651 Ἑλλάδος
1184 1583 1375 1641 κοινὸν
1399 1585 1541 1655 τόδε,

467 1675 518 1725 εἰ
538 1669 665 1736 τοὺς
688 1670 964 1735 θανόντας
988 1676 1255 1741 νοσφίσας
1282 1662 1360 1725 ῶν
1395 1675 1480 1728 δεῖ
1507 1680 1693 1744 λαχεῖν

466 1753 714 1827 ἀτάφους
740 1779 818 1820 τις
848 1758 982 1822 ἕξει·
1008 1761 1222 1812 δειλίαν
1248 1755 1352 1827 γὰρ
1379 1758 1623 1827 εἰσφέρει
1853 1766 1936 1808 540

469 1853 578 1905 τοῖς
603 1838 943 1913 ἀλκίμοισιν,
970 1832 1130 1906 οὗτος
1155 1837 1225 1912 ’ἢν
1251 1847 1388 1913 τεθῇ
1417 1838 1598 1911 νόμος.

469 1922 632 1996 κάμοὶ
656 1927 756 1997 μὲν
786 1918 952 1996 ἦλθες
976 1923 1106 1981 δείν’
1138 1923 1451 1996 ἀπειλήσων
1477 1931 1596 1996 ἔπη,

470 2009 702 2081 νεκροὺς
728 2011 790 2066 δὲ
815 2008 1077 2082 ταρβεῖτ’,
1104 2016 1155 2066 εἰ
1167 2010 1549 2084 κρυφήσονται
1573 2015 1741 2081 χθονί
1753 2034 1765 2075 ;

466 2101 522 2150 τί
540 2094 611 2165 μὴ
641 2097 890 2167 γένηται;
916 2094 988 2166 μὴ
1017 2096 1408 2160 κατασκάψωσι
1430 2101 1536 2167 γῆν

466 2180 727 2250 ταφέντες
754 2177 939 2251 ὑμῶνς
968 2175 1001 2251 ἦ
1025 2177 1174 2236 τέκν’
1203 2183 1263 2236 ἐν
1286 2193 1477 2251 μυχοῖς
1501 2178 1704 2250 χθονὸς
1853 2192 1938 2233 545

468 2265 750 2335 φύσωσιν,
777 2268 830 2332 ἐξ
856 2257 934 2320 ῶν
960 2264 1070 2320 εἶσί
1090 2288 1168 2331 τις
1192 2271 1452 2337 τιμωρία;

471 2350 664 2405 σκαιόν
688 2373 749 2421 γε
774 2347 1067 2421 τάνάλωμα
1094 2356 1186 2421 τῆς
1213 2350 1459 2421 γλώσσης
1485 2350 1627 2419 τόδε,

468 2434 680 2506 φόβους
703 2458 980 2506 πονηρους
1002 2437 1093 2490 καὶ
1118 2434 1315 2501 κενοὺς
1339 2437 1663 2491 δεδοικέναι.

467 2517 587 2574 ἀλλ’
618 2532 658 2574 ω
683 2520 929 2590 μάταιοι,
957 2526 1132 2592 γνῶτε
1156 2518 1505 2591 τάνθρῶπων
1529 2518 1698 2575 κακά·

467 2601 808 2675 παλαίσμαθ’
840 2601 993 2676 ἡμῶν
1017 2602 1045 2661 ὅ
1070 2611 1218 2676 βιός·
1246 2603 1540 2675 εὐτυχοῦσι
1565 2606 1625 2660 δε
1851 2618 1935 2659 550

468 2695 528 2744 οἱ
543 2712 645 2760 μεν
670 2686 807 2760 τάχ’,
836 2695 890 2744 οἵ
913 2687 965 2744 δ’
995 2692 1253 2760 ἐσαῦθις,
1279 2692 1335 2745 οἳ
1355 2687 1407 2744 δ’
1437 2687 1542 2760 ἤδη
1567 2694 1798 2761 βροτῶν.

471 2779 653 2847 τρυφᾷ
678 2770 786 2830 δ’ὁ
813 2777 1051 2846 δαίμων·
1079 2775 1213 2845 πρός
1239 2798 1295 2830 τε
1319 2774 1423 2846 γὰρ
1449 2797 1546 2830 του
1572 2777 1893 2843 δυστυχοῦς,

470 2854 540 2923 ῶς
566 2855 799 2929 ευμενὴς
824 2850 884 2930 ᾗ,
913 2865 1084 2929 τίμιος
1110 2865 1439 2929 γεραίρεται,
