2022 3126
833 98 1097 146 ΒΑΚΧΑΙ
1688 99 1756 148 95

295 241 373 301 είς
396 233 526 309 ὄρος
548 241 626 301 εἰς
649 231 808 307 ὅρος,
838 241 981 291 ἔνθα
1002 237 1156 307 με’νει

298 319 616 392 θηλυγενὴς
642 317 801 390 ὄχλος

302 401 392 475 ἀφ’
421 409 589 460 ἱστῶν
611 401 761 475 παρὰ
784 409 1064 474 κερκίδων
1086 399 1128 459 τ’

300 489 612 559 οἰστρηθεὶς
633 488 915 562 Διονύσῳ.

295 564 341 627 οἷ
363 571 697 642 θαλάμευμα
719 571 948 644 Κουρή-
1471 571 1587 631 ἆντ.
1678 590 1758 632 120

294 679 406 712 των
430 653 624 723 ζάθεοί
641 679 700 711 τε
726 656 947 728 Κρήτας

290 741 687 812 Διογενέτορες
715 747 957 811 ἔναυλοι,

293 830 434 880 ἔνθα
457 825 790 896 τρικόρυθες
816 823 1038 897 ἄντροις

291 909 633 980 βυρσότονον
656 907 922 981 κύκλωμα

288 992 415 1049 τόδε
439 1016 532 1065 μοι
560 993 917 1065 Κορύβαντες
932 986 1110 1066 ηὗρον
1125 1014 1135 1024 ·
1679 1013 1756 1055 125

283 1074 389 1132 ἀνὰ
414 1078 476 1133 δὲ
499 1078 698 1149 βάκχια
722 1080 974 1153 συντόνῳ

286 1164 526 1233 κέρασαν
552 1160 768 1236 ἁδυβόᾳ
795 1170 1063 1235 Φρυγίων

286 1243 477 1302 αὐλῶν
504 1247 803 1318 πνεύματι,
828 1249 1032 1320 ματρός
1057 1272 1115 1304 τε
1132 1246 1279 1314 Ῥέας
1304 1255 1381 1315 εἰς

283 1333 416 1402 χέρα
439 1337 653 1403 θῆκαν,
680 1333 894 1388 κτύπον
922 1331 1193 1404 εὐάσμασι
1215 1341 1439 1406 ,Βακχᾶν
1457 1359 1467 1367 ·

293 1414 441 1488 παρὰ
466 1416 527 1472 δὲ
550 1417 876 1488 μαινόμενοι
901 1418 1152 1489 Σάτυροι
1674 1438 1754 1480 130

286 1502 517 1571 ματέρος
542 1502 877 1567 ἐξανύσαντο
900 1508 1054 1573 θεᾶς,

289 1589 364 1648 εἰς
392 1585 455 1640 δὲ
476 1586 789 1657 χορεύματα

287 1675 548 1740 συνῆψαν
572 1675 955 1741 τριετηρίδων,

286 1748 370 1817 αἷς
392 1759 571 1825 χαίρει
595 1754 891 1820 Διόνυσος.

283 1834 422 1907 ἡδὺς
448 1840 508 1892 ἐν
532 1835 787 1909 οὔρεσιν,
817 1832 928 1897 εὖτ’
962 1835 1032 1893 ἂν
1673 1860 1751 1901 135

280 1924 339 1976 ἐκ
364 1921 583 1977 θιάσων
615 1929 898 1994 δρομαίων

282 2006 418 2078 σεύῃ
443 2006 672 2077 πεδόσε,
697 2012 956 2079 νεβρίδος
982 2014 1122 2079 ἔχων

285 2089 436 2161 ἱερὸν
460 2092 721 2162 ἐνδυτόν,
749 2089 1007 2164 ἀγρεύων

282 2170 414 2245 αἷμα
437 2176 838 2247 τραγοκτόνον,
866 2175 1169 2248 ὠμοφάγον
1194 2201 1373 2250 χαριν,

284 2260 497 2329 ἰέμενος
523 2266 600 2324 εἰς
631 2258 768 2332 ὄρεα
794 2262 1040 2333 Φρύγια,
1069 2263 1269 2318 Λύδια.
1669 2278 1747 2321 140

283 2339 311 2397 ὁ
338 2340 391 2398 δ’
421 2347 640 2415 ἔξαρχος
661 2345 930 2417 Βρόμιος,
965 2345 1102 2402 εὐοῖ.
1736 2343 1741 2346 “

285 2429 374 2497 ῥεῖ’
396 2429 457 2484 δὲ
486 2429 716 2500 γάλακτι
745 2433 946 2502 πέδον,
974 2435 1063 2503 ῥεῖ
1085 2431 1136 2487 δ’
1169 2441 1330 2507 οἴνῳ,
1370 2436 1459 2504 ῥεῖ
1479 2438 1540 2488 δε
1562 2456 1659 2504 με·

845 2523 1040 2572 λισσᾶν

282 2598 532 2669 νέκταρι,
557 2605 773 2671 Συρίας
796 2599 848 2655 δ’
881 2599 953 2666 ὡς
976 2600 1210 2673 λιβάνου
1241 2607 1466 2667 καπνός.

280 2677 307 2735 ὁ
332 2681 578 2752 Βακχεὺς
603 2681 659 2738 δ’
689 2690 829 2754 ἔχων
1665 2698 1743 2742 145

279 2766 545 2838 πυρσώδη
578 2768 761 2838 φλόγα
783 2770 991 2836 πεύκας

280 2851 341 2904 ἐκ
362 2849 644 2922 νάρθηκος
667 2849 846 2910 ἀίσσει
