2022 3126
197 756 296 805 ΘΑ

196 1608 319 1657 ΑΠ.

198 1694 313 1742 ΘΑ.

196 1779 319 1826 ΑΠ.

199 1864 314 1912 ΘΑ.

196 1949 319 1998 ΑΠ

200 2035 316 2083 ΘΑ.

198 2120 319 2168 ΑΠ.

199 2206 314 2254 ΘΑ.

197 2291 320 2340 ΑΠ.

199 2377 314 2425 ΘΑ

200 2462 319 2511 ΑΠ.

199 2547 314 2595 ΘΑ.

197 2633 321 2681 ΑΠ.

200 2718 314 2767 ΘΑ.

198 2804 321 2852 ΑΠ.

200 2888 314 2937 ΘΑ.

826 96 1194 146 ΑΛΚΗΣΤΙΣ

390 241 498 311 ἐγω
525 239 616 307 δέ,
642 236 715 309 μὴ
740 238 949 309 μίασμά
971 236 1028 310 μ’
1058 242 1118 294 ἐν
1141 239 1328 311 δόμοις
1351 246 1494 313 κίχῃ,
1555 300 1567 309 .

389 329 562 380 λείπω
588 322 890 394 μελάθρων
913 328 1091 378 τῶνδε
1117 325 1388 396 φιλτάτην
1416 326 1633 398 στέγην.

389 406 495 481 ἤδη
523 409 585 465 δὲ
621 408 787 463 τόνδε
815 407 1071 462 Θάνατον
1098 414 1296 481 εἰσορῶ
1325 412 1510 482 πέλας,

389 499 510 565 ίερῆ
535 493 863 563 θανόντων,
890 516 949 557 ος
973 516 1065 548 νιν
1090 499 1167 559 εἰς
1177 490 1374 550 Ἀιδου
1400 492 1607 566 δόμους

384 582 571 651 μέλλει
596 535 876 663 κατάξεινῖ·
913 577 1224 650 σύμμετρος
1248 576 1300 634 δ’
1333 577 1584 652 ἀφίκετο,

388 669 661 766 φρουρῶν
685 659 805 718 τόδ’
834 664 1025 737 ἦμαρ
1008 665 1049 717 ὠ
1076 672 1278 719 θανεῖν
1303 662 1480 736 αὐτὴν
1507 665 1702 737 χρεων.

386 751 420 805 ἀ
446 750 507 804 ἀ·

387 841 445 890 τί
463 836 534 890 σύ
561 831 698 906 πρὸς
721 832 1052 934 μελάθροις;
1080 839 1138 889 τί
1158 838 1229 889 σύ
1257 839 1388 908 τῇδε
1414 842 1617 907 πολεῖς,

389 915 587 992 Φοῖβ’,
576 945 586 954 ·
622 915 831 983 ἀδικεῖς
857 919 929 973 αὐ
956 917 1114 990 τιμὰς
1139 921 1348 993 ἐνέρων

389 1003 798 1077 [ἀφοριζόμενος
828 1003 920 1058 καὶ
950 1002 1326 1075 καταπαύων]

390 1087 494 1147 οὐκ
518 1087 722 1161 ἤρκεσέ
743 1106 832 1144 σοι
858 1087 1033 1160 μόρον
1051 1086 1324 1162 Ἀδμήτου

389 1181 762 1244 διακωλῦσαι,
797 1180 1020 1245 Μοίρας
1045 1179 1215 1250 δολίῳ

491 1262 502 1277 Ι
739 1261 752 1279 Ι
970 1266 992 1275 -ν
1097 1257 1376 1283 ’’’’’

387 1349 519 1418 χέρα
544 1345 744 1418 τοξήρη
772 1358 1041 1417 φρουρεῖς
1069 1342 1316 1416 ὁπλίσας,

388 1430 423 1504 ἣ
448 1428 569 1487 τόδ’
601 1428 811 1501 ὑπέστη
837 1430 1003 1487 πόσιν
1028 1429 1290 1486 ἐκλύσασ’

390 1512 529 1587 αὗτὴ
557 1524 871 1589 προθανεῖν
893 1522 1107 1572 Πελίου
1134 1529 1277 1581 παῖς.

390 1602 590 1674 θάρσει
611 1620 622 1630 ·
673 1606 838 1673 δίκην
863 1625 946 1657 τοι
975 1603 1068 1657 καὶ
1094 1602 1293 1674 λόγους
1317 1598 1554 1665 κεδνοὺς
1579 1606 1700 1672 ἔχω.

389 1694 446 1744 τί
467 1693 604 1759 δῆτα
630 1687 803 1754 τόξων
830 1692 1022 1758 ἔργον,
1052 1693 1102 1743 εἰ
1123 1692 1287 1759 δίκην
1313 1692 1481 1758 ἔχεις;

391 1773 640 1844 σύνηθες
665 1769 752 1828 ἀεὶ
777 1778 950 1827 ταῦτα
975 1773 1264 1844 βαστάζειν
1289 1774 1424 1843 ἐμοί.

390 1860 483 1914 καὶ
506 1859 696 1914 τοῖσδέ
717 1855 768 1929 γ’
800 1866 970 1924 οἴκοις
997 1862 1229 1923 ἐκδίκως
1254 1863 1658 1928 προσωφελεῖν.

393 1950 563 2016 φίλου
590 1942 695 2015 γὰρ
722 1940 927 2014 ἀνδρὸς
952 1956 1266 2015 συμφοραῖς
1290 1941 1622 2014 βαρύνομαι.

392 2031 484 2085 καὶ
509 2041 764 2099 νοσφιεῖς
789 2051 855 2099 με
885 2033 1053 2084 τοῦδε
1085 2030 1351 2101 δευτέρου
1375 2032 1582 2099 νεκροῦ
1605 2052 1618 2093 ;

392 2112 513 2169 ἀλλ’
543 2111 665 2169 οὐδ’
699 2116 914 2170 ἐκεῖνον
939 2113 1077 2183 πρὸς
1101 2121 1231 2185 βίαν
1258 2109 1310 2168 σ’
1340 2109 1668 2184 ἀφειλόμην.

393 2207 508 2265 πῶς
533 2192 638 2255 οὖν
661 2197 803 2269 ὑπὲρ
832 2205 932 2271 γῆς
958 2203 1071 2255 ἐστι
1099 2196 1204 2255 κού
1230 2199 1376 2254 κάτω
1405 2197 1639 2268 χθονός;

394 2282 628 2356 δάμαρτ’
657 2282 921 2356 ἀμείψας,
953 2282 1025 2357 ἣν
1049 2284 1120 2340 σὺ
1146 2290 1256 2341 νῦν
1280 2281 1432 2355 ἥκεις
1455 2284 1605 2354 μέτα.

389 2368 705 2442 κάπάξομαί
724 2393 787 2442 γε
813 2371 1086 2442 νερτέραν
1113 2368 1222 2426 ὑπὸ
1248 2368 1446 2441 χθόνα.

390 2453 580 2526 λαβὼν
605 2453 709 2511 ἴθ’·
756 2452 823 2511 οὐ
851 2454 955 2527 γὰρ
983 2455 1071 2512 οἶδ
1081 2453 1093 2473 ’
1123 2452 1192 2511 ἀν
1219 2461 1269 2511 εἰ
1289 2458 1543 2525 πείσαιμί
1564 2473 1641 2508 σε.

391 2547 633 2597 κτείνειν
659 2538 709 2612 γ’
741 2537 807 2596 ὂν
833 2536 904 2596 ἂν
926 2547 1062 2615 χρῇς
1088 2547 1255 2597 τοῦτο
1280 2539 1386 2612 γὰρ
1412 2539 1743 2609 τετάγμεθα.

395 2624 529 2697 οὔκ,
554 2622 692 2682 ἀλλὰ
719 2638 830 2691 τοῖς
855 2628 1120 2697 μέλλουσι
1144 2627 1392 2682 θάνατον
1423 2627 1699 2695 ἐμβαλεῖν.

395 2717 498 2782 ἔχω
523 2711 691 2782 λόγον
716 2710 784 2782 δὴ
811 2713 903 2766 καὶ
927 2718 1255 2784 προθυμίαν
1281 2713 1467 2767 σέθεν.

390 2794 503 2853 ἔστ’
536 2790 641 2852 οὗν
665 2793 1113 2870 ὅπως’Ἁλκηστις
1140 2802 1217 2863 είς
1240 2802 1412 2869 γῆρας
1436 2794 1625 2866 μόλοι;

393 2879 498 2939 οὐκ
524 2887 662 2938 ἔστι·
691 2894 870 2951 τιμαῖς
895 2879 1034 2951 κάμὲ
1059 2884 1362 2951 τέρπεσθαι
1389 2880 1558 2936 δόκει.

1815 511 1870 552 25

1819 935 1872 978 30

1815 1361 1870 1404 35

1814 2210 1869 2252 45
